@article{VanHam2009a,
    title = {{"Search, show context, expand on demand": Supporting large graph exploration with degree-of-interest}},
    year = {2009},
    journal = {IEEE TVCG},
    author = {Van Ham, Frank and Perer, Adam},
    number = {6},
    volume = {15},
    isbn = {1077-2626},
    doi = {10.1109/TVCG.2009.108},
    issn = {10772626},
    pmid = {19834159},
    keywords = {Graph visualization, degree of interest, focus+context, legal citation networks, network visualization}
}

@article{Couger1993,
    title = {{(Un)structured creativity in information systems organizations}},
    year = {1993},
    journal = {MIS Quarterly},
    author = {Couger, By J Daniel and Higgins, Lexis F and Scott, C},
    number = {4},
    volume = {17},
    doi = {10.2307/249584},
    issn = {0276-7783},
    keywords = {creative climate, creativity, creativity in information, systems}
}

@book{Kumar2012,
    title = {{101 Design Methods: A Structured Approach to Driving Innovation in Your Organization}},
    year = {2012},
    author = {Kumar, Vijay},
    pages = {336},
    publisher = {Wiley}
}

@inproceedings{Song2010,
    title = {{A comparative evaluation on tree visualization methods for hierarchical structures with large fan-outs}},
    year = {2010},
    booktitle = {Proceedings of the 28th international conference on Human factors in computing systems - CHI '10},
    author = {Song, Hyunjoo and Kim, Bohyoung and Lee, Bongshin and Seo, Jinwook},
    pages = {223 - 232},
    publisher = {ACM Press},
    url = {http://portal.acm.org/citation.cfm?doid=1753326.1753359},
    address = {New York, New York, USA},
    isbn = {9781605589299},
    doi = {10.1145/1753326.1753359}
}

@article{Schulz2013,
    title = {{A design space of visualization tasks.}},
    year = {2013},
    journal = {IEEE transactions on visualization and computer graphics},
    author = {Schulz, Hans-Jörg and Nocke, Thomas and Heitzler, Magnus and Schumann, Heidrun},
    number = {12},
    month = {12},
    pages = {2366--75},
    volume = {19},
    url = {http://www.ncbi.nlm.nih.gov/pubmed/24051803},
    doi = {10.1109/TVCG.2013.120},
    issn = {1941-0506},
    pmid = {24051803}
}

@inproceedings{Amanatides1987,
    title = {{A fast voxel traversal algorithm for ray tracing}},
    year = {1987},
    booktitle = {EUROGRAPHICS '87},
    author = {Amanatides, John and Woo, Andrew},
    pages = {3 - 10},
    doi = {10.1.1.42.3443}
}

@article{Dosselmann2008,
    title = {{A Formal Assessment of the Structural Similarity Index}},
    year = {2008},
    author = {Dosselmann, R.; and Yang, X. D.;},
    number = {September},
    pages = {0--14},
    volume = {9},
    isbn = {0773106499},
    issn = {0828-3494}
}

@inproceedings{Sanders2010,
    title = {{A framework for organizing the tools and techniques of participatory design}},
    year = {2010},
    booktitle = {Proceedings of Participatory Design Conference on - PDC '10},
    author = {Sanders, Elizabeth B.-N. and Brandt, Eva and Binder, Thomas},
    isbn = {9781450301312},
    doi = {10.1145/1900441.1900476},
    keywords = {approaches, framework, methods, techniques, tools}
}

@inproceedings{Mahaux2014,
    title = {{A framework for understanding collaborative creativity in requirements engineering: empirical validation}},
    year = {2014},
    booktitle = {IEEE Workshop on Empirical Requirements Engineering, EmpiRE 2014},
    author = {Mahaux, Martin and Nguyen, Lemai and Mich, Luisa and Mavin, Alistair},
    isbn = {9781479963379},
    doi = {10.1109/EmpiRE.2014.6890116}
}

@techreport{Guber1967,
    title = {{A Geometric Description Technique Suitable for Computer Analysis of Both Nuclear and Conventional Vulnerability of Armored Military Vehicles}},
    year = {1967},
    author = {Guber, Walter and Nagel, Roger and Goldstein, Robert and Mittelman, Phillip S and Kalos, Malvin H},
    institution = {Mathematical Applications Group Inc.},
    address = {White Plains, NY}
}

@article{Zimmerman2002,
    title = {{A group card sorting methodology for developing informational Web sites}},
    year = {2002},
    journal = {Proceedings. IEEE International Professional Communication Conference},
    author = {Zimmerman, D.E. and Akerelrea, C.},
    pages = {437--445},
    url = {http://ieeexplore.ieee.org/lpdocs/epic03/wrapper.htm?arnumber=1049127},
    isbn = {0-7803-7591-2},
    doi = {10.1109/IPCC.2002.1049127},
    keywords = {Cognitive science, Educational institutions, Navigation, Recruitment, Sorting, Terminology, Testing, Usability, Web design, Web site developers, Web sites, Writing, group card sorting methodology, human factors, informational Web site development, psychology, social science methods, sorting, usability testing findings, user interfaces}
}

@article{Lee2008,
    title = {{A high-gain boost converter using voltage-stacking cell}},
    year = {2008},
    journal = {Transactions of the Korean Institute of Electrical Engineers},
    author = {Lee, Jun Young and Hwang, Sun Nam},
    number = {6},
    pages = {982--984},
    volume = {57},
    isbn = {0780386272},
    doi = {10.1049/el},
    issn = {19758359},
    pmid = {172687000008},
    arxivId = {arXiv:physics/0504102},
    archivePrefix = {arXiv},
    eprint = {0504102},
    primaryClass = {physics},
    keywords = {Boost converter, DC/DC converter, Fuel-cell}
}

@incollection{Albert1999,
    title = {{A history of research on creativity}},
    year = {1999},
    booktitle = {Handbook of Creativity},
    author = {Albert, Robert S. and Runco, Mark A.},
    editor = {{Robert J. Sternberg}},
    publisher = {Cambridge University Press},
    address = {Cambridge, UK}
}

@book{VonOech1986,
    title = {{A Kick in the Seat of the Pants: Using Your Explorer, Artist, Judge and Warrior to be More Creative}},
    year = {1986},
    author = {von Oech, Roger},
    pages = {160},
    publisher = {William Morrow Paperbacks}
}

@article{Kalantari2015,
    title = {{A Machine Learning Approach for Filtering Monte Carlo Noise  }},
    year = {2015},
    journal = {ACM Transactions on Graphics (TOG)},
    author = {Kalantari, Nima Khademi and Bako, Steve and Sen, Pradeep},
    number = {4},
    pages = {122--122},
    volume = {34},
    url = {http://dl.acm.org/citation.cfm?doid=2809654.2766977%5Cnpapers3://publication/doi/10.1145/2766977},
    isbn = {9781450333313},
    doi = {10.1145/2766977},
    issn = {15577368},
    keywords = {monte carlo rendering, neural networks}
}

@article{Cleveland1993,
    title = {{A model for studying display methods of statistical graphics}},
    year = {1993},
    journal = {Journal of Computational and Graphical Statistics},
    author = {Cleveland, W. S.},
    number = {4},
    volume = {2}
}

@article{Munzner2009,
    title = {{A nested model for visualization design and validation}},
    year = {2009},
    journal = {IEEE Transactions on Visualization and Computer Graphics},
    author = {Munzner, Tamara},
    number = {6},
    volume = {15},
    doi = {10.1109/TVCG.2009.111}
}

@article{Tory2004,
    title = {{A parallel coordinates style interface for exploratory volume visualization.}},
    year = {2004},
    journal = {IEEE transactions on visualization and computer graphics},
    author = {Tory, Melanie and Potts, Simeon and M{\"{o}}ller, Torsten},
    number = {1},
    pages = {71--80},
    volume = {11},
    url = {http://www.ncbi.nlm.nih.gov/pubmed/15631130},
    doi = {10.1109/TVCG.2005.2},
    issn = {1077-2626},
    pmid = {15631130},
    keywords = {Algorithms, Automated, Automated: methods, Computer Graphics, Computer Simulation, Computer-Assisted, Computer-Assisted: methods, Diagnostic Imaging, Diagnostic Imaging: methods, Humans, Image Enhancement, Image Enhancement: methods, Image Interpretation, Imaging, Online Systems, Pattern Recognition, Psychomotor Performance, Signal Processing, Software, Software Design, Three-Dimensional, Three-Dimensional: methods, User-Computer Interface}
}

@article{Yee1999,
    title = {{A Perceptual Metric for Production Testing}},
    year = {1999},
    author = {Yee, Yangli Hector and Newman, Anna},
    pages = {94301}
}

@article{McGuire2016,
    title = {{A phenomenological scattering model for order-independent transparency}},
    year = {2016},
    journal = {Proceedings of the 20th ACM SIGGRAPH Symposium on Interactive 3D Graphics and Games - I3D '16},
    author = {McGuire, Morgan and Mara, Michael},
    pages = {149--158},
    url = {http://dl.acm.org/citation.cfm?doid=2856400.2856418},
    isbn = {9781450340434},
    doi = {10.1145/2856400.2856418},
    keywords = {@BULLETComputing methodologies → Rendering, caustic, particle Concepts, refraction, transmission, transparency}
}

@article{Kerzner2015,
    title = {{A Shot at visual vulnerability analysis}},
    year = {2015},
    journal = {Comp. Graphics Forum},
    author = {Kerzner, Ethan and Butler, Lee A and Hansen, Charles and Meyer, Miriah},
    number = {3},
    volume = {34},
    doi = {10.1111/cgf.12651}
}

@article{Thung2009,
    title = {{A survey of image quality measures}},
    year = {2009},
    journal = {Technical Postgraduates (TECHPOS), 2009 International Conference for},
    author = {Thung, Kim-Han Thung Kim-Han and Raveendran, Paramesran},
    pages = {1--4},
    url = {http://ieeexplore.ieee.org/lpdocs/epic03/wrapper.htm?arnumber=5412098},
    isbn = {978-1-4244-5223-1},
    doi = {10.1109/TECHPOS.2009.5412098}
}

@article{Graham2010,
    title = {{A Survey of Multiple Tree Visualisation}},
    year = {2010},
    journal = {Information Visualization},
    author = {Graham, Martin and Kennedy, Jessie},
    number = {4},
    pages = {234--252},
    volume = {9},
    url = {http://dl.acm.org/citation.cfm?id=1991825#abstract},
    doi = {10.1057/ivs.2009.29}
}

@article{He2016,
    title = {{A system for rapid exploration of shader optimization choices}},
    year = {2016},
    journal = {ACM Transactions on Graphics},
    author = {He, Yong and Foley, Tim and Fatahalian, Kayvon},
    number = {4},
    pages = {1--12},
    volume = {35},
    url = {http://dl.acm.org/citation.cfm?doid=2897824.2925923},
    isbn = {9781450342797},
    doi = {10.1145/2897824.2925923},
    issn = {07300301},
    keywords = {computing methodologies, concepts, graphics systems and, real-time rendering, shading languages}
}

@article{Jae-wookAhn2014,
    title = {{A Task Taxonomy for Network Evolution Analysis}},
    year = {2014},
    journal = {IEEE Transactions on Visualization and Computer Graphics},
    author = {{Jae-wook Ahn} and Plaisant, Catherine and Shneiderman, Ben},
    number = {3},
    month = {3},
    pages = {365--376},
    volume = {20},
    url = {http://ieeexplore.ieee.org/document/6620874/},
    doi = {10.1109/TVCG.2013.238},
    issn = {1077-2626}
}

@article{Beck2016,
    title = {{A taxonomy and survey of dynamic graph visualization}},
    year = {2017},
    journal = {CGF},
    author = {Beck, Fabian and Burch, Michael and Diehl, Stephan and Weiskopf, Daniel},
    number = {1},
    volume = {36},
    doi = {10.1111/cgf.12791},
    keywords = {Dynamic graph visualization, Information Interfaces and Presentation H.5.2 User, Survey, Taxonomy}
}

@inproceedings{Roth2009,
    title = {{A user-centered approach for designing and developing spatiotemporal crime analysis tools}},
    year = {2009},
    booktitle = {GIScience},
    author = {Roth, R E and Ross, K S and Finch, B G and Luo, W and Maceachren, A M}
}

@article{Yoo2013,
    title = {{A Value Sensitive Action-Reflection Model: Evolving a Co-Design Space with Stakeholder and Designer Prompts}},
    year = {2013},
    journal = {Chi},
    author = {Yoo, Daisy and Huldtgren, Alina and Woelfer, Jill Palzkill and Hendry, David G and Friedman, Batya},
    pages = {419--428},
    url = {http://dl.acm.org/citation.cfm?doid=2470654.2470715},
    isbn = {9781450318990},
    doi = {10.1145/2470654.2470715}
}

@article{VandenElzen2016,
    title = {{A Visual Analytics Approach to Dynamic Network Exploration}},
    year = {2016},
    journal = {Ieee Transactions on Visualization and Computer Graphics},
    author = {van den Elzen, S and Holten, D and Blaas, J and van Wijk, J J},
    number = {1},
    pages = {1--10},
    volume = {22},
    isbn = {1077-2626},
    doi = {10.1109/tvcg.2015.2468078},
    keywords = {Computer Science, Dimensionality Reduction, Dynamic Networks, Exploration, compound digraphs, fit, graph visualization, model}
}

@incollection{Prekel2010,
    title = {{A Visual Overview of the Synectics Invention Model}},
    year = {2010},
    booktitle = {Imagine That! Celebrating 50 years of Synectics},
    author = {Prekel, Heinz},
    editor = {Nolan, Vincent and Williams, Connie}
}

@book{VonOech1988,
    title = {{A Whack on the Side of the Head}},
    year = {1988},
    author = {von Oech, Roger},
    pages = {140},
    publisher = {Warner Books}
}

@article{Gonzalez2003,
    title = {{A Workplace Study of the Adoption of Information Visualization Systems}},
    year = {2003},
    journal = {Third International Conference on Knowledge Management},
    author = {Gonz{\'{a}}lez, Victor and Kobsa, Alfred},
    pages = {92--102},
    url = {https://www.ics.uci.edu/~kobsa/papers/2003-KIV-kobsa.pdf},
    keywords = {1, 2, 3, 4, 5, 6, category, h, information visualization, j, k, workplace studies}
}

@article{BCCancerAgency2012,
    title = {{ABySS Explorer 1.3.4}},
    year = {2012},
    journal = {http://www.bcgsc.ca/platform/bioinfo/software/abyss-explorer/releases/1.3.4},
    author = {{BC Cancer Agency}}
}

@article{Nielsen2009,
    title = {{ABySS-explorer: Visualizing genome sequence assemblies}},
    year = {2009},
    journal = {IEEE Transactions on Visualization and Computer Graphics},
    author = {Nielsen, Cydney B. and Jackman, Shaun D. and Birol, Inanç and Jones, Steven J M},
    number = {6},
    pages = {881--888},
    volume = {15},
    isbn = {1077-2626 (Print){\textbackslash}n1077-2626 (Linking)},
    doi = {10.1109/TVCG.2009.116},
    issn = {10772626},
    pmid = {19834150},
    keywords = {Bioinformatics visualization, DNA sequence, design study, genome assembly}
}

@inproceedings{McCurdy2016_Action,
    title = {{Action design research and visualization design}},
    year = {2016},
    booktitle = {Proceedings of Workshop on Beyond Time and Errors on Novel Evaluation Methods for Visualization},
    author = {Mccurdy, Nina and Dykes, Jason and Meyer, Miriah},
    isbn = {9781450321389},
    doi = {10.1145/1235},
    keywords = {action, applied visualization design research, concurrent evaluation, design research, design study}
}

@article{Wyman2009,
    title = {{Adaptive Caustic Maps Using Deferred Shading}},
    year = {2009},
    journal = {Computer Graphics Forum},
    author = {Wyman, Chris and Nichols, Greg},
    number = {2},
    pages = {309--318},
    volume = {28},
    doi = {10.1111/j.1467-8659.2009.01370.x}
}

@inproceedings{Dou2014,
    title = {{Adaptive depth bias for shadow maps}},
    year = {2014},
    booktitle = {ACM Symp. Interactive 3D Graphics and Games},
    author = {Dou, Hang and Yan, Y. and Kerzner, E. and Dai, Zeng and Wyman, C}
}

@inproceedings{Vaidyanathan2012,
    title = {{Adaptive Image Space Shading For Motion and Defocus Blur}},
    year = {2012},
    booktitle = {High Performance Graphics},
    author = {Vaidyanathan, Karthik and Toth, Robert and Salvi, Marco and Boulos, Solomon and Lefohn, Aaron},
    pages = {13--21},
    doi = {10.2312/EGGH/HPG12/013-021}
}

@article{Moon2016,
    title = {{Adaptive Polynomial Rendering}},
    year = {2016},
    journal = {ACM Transactions on Graphics (TOG)},
    author = {Moon, Bochang and McDonagh, Steven and Mitchell, Kenny and Gross, Markus},
    number = {4},
    pages = {1--10},
    volume = {35},
    url = {http://doi.acm.org/10.1145/2897824.2925936.%5Cnhttp://www.iidi.napier.ac.uk/c/publications/publicationid/13385782},
    isbn = {9781450342797},
    doi = {10.1145/2897824.2925936},
    issn = {07300301},
    keywords = {Adaptive rendering, Monte Carlo ray tracing, image-space reconstruction}
}

@article{Moon2014,
    title = {{Adaptive Rendering Based on Weighted Local Regression}},
    year = {2014},
    journal = {ACM Transactions on Graphics},
    author = {Moon, Bochang and Carr, Nathan and Yoon, Sung-Eui},
    number = {5},
    month = {9},
    pages = {1--14},
    volume = {33},
    url = {http://dl.acm.org/citation.cfm?doid=2672594.2641762},
    isbn = {0103660054},
    doi = {10.1145/2641762},
    issn = {07300301},
    pmid = {22641411},
    arxivId = {arXiv:1204.6216v2}
}

@article{Moon2015,
    title = {{Adaptive rendering with linear predictions}},
    year = {2015},
    journal = {ACM Transactions on Graphics},
    author = {Moon, Bochang and Iglesias-Guitian, Jose A. and Yoon, Sung-Eui and Mitchell, Kenny},
    number = {4},
    month = {7},
    pages = {1--121},
    volume = {34},
    url = {http://sglab.kaist.ac.kr/LinearPrediction/ http://dl.acm.org/citation.cfm?doid=2809654.2766992},
    isbn = {9781450333313},
    doi = {10.1145/2766992},
    issn = {07300301},
    keywords = {adaptive rendering, image-space reconstruction, monte carlo ray tracing}
}

@article{Rousselle2011,
    title = {{Adaptive sampling and reconstruction using greedy error minimization}},
    year = {2011},
    journal = {ACM Transactions on Graphics},
    author = {Rousselle, Fabrice and Knaus, Claude and Zwicker, Matthias},
    number = {6},
    pages = {1},
    volume = {30},
    url = {http://dl.acm.org/citation.cfm?id=2024193%5Cnhttp://cgg.unibe.ch/publications/2011/adaptive-sampling-and-reconstruction-using-greedy-error-minimization},
    isbn = {9781450308076},
    doi = {10.1145/2070781.2024193},
    issn = {07300301},
    pmid = {24876125},
    keywords = {adaptive sampling, reconstruction}
}

@article{Salvi2011,
    title = {{Adaptive transparency}},
    year = {2011},
    journal = {ACM SIGGRAPH Symposium on High Performance Graphics (HPG '11)},
    author = {Salvi, Marco and Montgomery, Jefferson and Lefohn, A},
    number = {212},
    pages = {119--126},
    volume = {1},
    url = {http://dl.acm.org/citation.cfm?id=2018342},
    isbn = {9781450308960},
    doi = {10.1145/2018323.2018342},
    keywords = {compres-, compression, order independent transparency, visibility}
}

@article{Vorba2016,
    title = {{Adjoint-driven Russian roulette and splitting in light transport simulation}},
    year = {2016},
    journal = {ACM Transactions on Graphics},
    author = {Vorba, Jiří and K{\v{r}}iv{\'{a}}nek, Jaroslav},
    number = {4},
    pages = {1--11},
    volume = {35},
    url = {http://dl.acm.org/citation.cfm?doid=2897824.2925912},
    isbn = {9781450342797},
    doi = {10.1145/2897824.2925912},
    issn = {07300301},
    keywords = {importance sampling, light transport, russian roulette, splitting, zero-variance schemes}
}

@article{Crassin2013,
    title = {{Aggregate G-Buffer Anti-Aliasing}},
    year = {2013},
    journal = {I3D 2015},
    author = {Crassin, Cyril and Mcguire, Morgan and Lefohn, Aaron},
    keywords = {anti-aliasing, decoupled shading, gpu architecture, graphics pipelines, pre-filtering, shading}
}

@article{Kosara2016,
    title = {{An Empire Built On Sand: Reexamining What We Think We Know About Visualization}},
    year = {2016},
    journal = {Proceedings BEyond time and errors: novel evaLuation methods for Information Visualization (BELIV)},
    author = {Kosara, Robert},
    isbn = {9781450348188},
    doi = {http://dx.doi.org/10.1145/2993901.2993909}
}

@article{Talbot2012,
    title = {{An empirical model of slope ratio comparisons}},
    year = {2012},
    journal = {IEEE Transactions on Visualization and Computer Graphics},
    author = {Talbot, Justin and Gerth, John and Hanrahan, Pat},
    number = {12},
    pages = {2613--2620},
    volume = {18},
    isbn = {1077-2626},
    doi = {10.1109/TVCG.2012.196},
    issn = {10772626},
    keywords = {Banking to 45 degrees, aspect ratio selection, orientation resolution, slope perception}
}

@article{Walny2015,
    title = {{An Exploratory Study of Data Sketching for Visual Representation}},
    year = {2015},
    journal = {Eurographics Conference on Visualization (EuroVis)},
    author = {Walny, J and Huron, S and Carpendale, S},
    number = {3},
    volume = {34},
    doi = {10.1111/cgf.12635}
}

@article{Walker2013,
    title = {{An extensible framework for provenance in human terrain visual analytics}},
    year = {2013},
    journal = {IEEE Transactions on Visualization and Computer Graphics},
    author = {Walker, Rick and Slingsby, Aiden and Dykes, Jason and Xu, Kai and Wood, Jo and Nguyen, Phong H and Stephens, Derek and Wong, B L William and Zheng, Yongjun},
    number = {12},
    volume = {19},
    url = {http://www.ncbi.nlm.nih.gov/pubmed/24051780},
    doi = {10.1109/TVCG.2013.132},
    issn = {1941-0506}
}

@article{Saraiya2006,
    title = {{An insight-based longitudinal study of visual analytics.}},
    year = {2006},
    journal = {IEEE transactions on visualization and computer graphics},
    author = {Saraiya, Purvi and North, Chris and Lam, Vy and Duca, Karen A},
    number = {6},
    pages = {1511--22},
    volume = {12},
    url = {http://dl.acm.org/citation.cfm?id=1175891.1176163},
    isbn = {1077-2626 VO - 12},
    doi = {10.1109/TVCG.2006.85},
    issn = {1077-2626},
    pmid = {17073373},
    keywords = {Algorithms, Computer Graphics, Humans, Information Storage and Retrieval, Information Storage and Retrieval: methods, Longitudinal Studies, Software, Task Performance and Analysis, User-Computer Interface, Visual Perception, Visual Perception: physiology}
}

@article{Gansner2000,
    title = {{An Open Graph Visualization System and Its Applications to Software Engineering}},
    year = {2000},
    journal = {SOFTWARE - PRACTICE AND EXPERIENCE},
    author = {Gansner, Emden R. and North, Stephen C.},
    number = {11},
    volume = {30}
}

@article{Hansen2011,
    title = {{Analyzing Social Media Networks with NodeXL}},
    year = {2011},
    journal = {Analyzing Social Media Networks with NodeXL},
    author = {Hansen, Derek L. and Shneiderman, Ben and Smith, Marc a.},
    pages = {11--29},
    url = {http://www.sciencedirect.com/science/article/pii/B9780123822291000023},
    isbn = {9780123822291},
    doi = {10.1016/B978-0-12-382229-1.00002-3},
    issn = {1605587133},
    pmid = {16189061},
    arxivId = {0803973233},
    keywords = {network analysis, nodexl, visualization}
}

@article{Belcour2016,
    title = {{Antialiasing Complex Global Illumination Effects in To cite this version : Antialiasing Complex Global Illumination Effects in Path-space}},
    year = {2016},
    journal = {ACM Transactions on Graphics},
    author = {Belcour, Laurent and Yan, Ling-qi and Ramamoorthi, Ravi and Nowrouzezahrai, Derek and Belcour, Laurent and Yan, Ling-qi and Ramamoorthi, Ravi and Com-, Derek Nowrouzezahrai Antialiasing and Belcour, Laurent and Yan, Ling-qi and Ramamoorthi, Ravi and Nowrouzezahrai, Derek and Montr, De},
    number = {4},
    pages = {0--12},
    volume = {35}
}

@book{Osborn1953,
    title = {{Applied Immagination: Principles and Procedures of Creative Problem Solving}},
    year = {1953},
    author = {Osborn, A.F},
    publisher = {Charle Scribener's Sons},
    address = {New York, New York, USA}
}

@inproceedings{Lowgren1995,
    title = {{Applying design methodology to software development}},
    year = {1995},
    booktitle = {DIS '95 Proceedings of the 1st conference on Designing interactive systems: processes, practices, methods, {\&} techniques},
    author = {L{\"{o}}wgren, J},
    url = {http://dl.acm.org/citation.cfm?id=225444},
    isbn = {0897916735},
    doi = {10.1145/225434.225444},
    issn = {0-89791-673-5},
    keywords = {creative design, design methodology, development, external design, professional software}
}

@misc{Kerzner2016,
    title = {{Applying User-Centered Visualization Design to Value-Driven Outcomes Commercialization}},
    year = {2016},
    author = {Kerzner, Ethan and Behrmann, Luke T. and Meyer, Miriah},
    publisher = {Utah Science Technology and Research Initiative (USTAR)}
}

@misc{Lisle2017,
    title = {{Arbor Summit Workshop}},
    year = {2017},
    author = {Lisle, Curtis and Kerzner, Ethan},
    publisher = {University of Utah}
}

@book{Dewey1934,
    title = {{Art as Experience}},
    year = {1934},
    author = {Dewey, John},
    pages = {371},
    publisher = {Penguin},
    address = {New York, NY, USA}
}

@inproceedings{Li2008,
    title = {{Automated Generation of Interactive 3D Exploded View Diagrams}},
    year = {2008},
    booktitle = {Proceedings of SIGGRAPH},
    author = {Li, Wilmot and Agrawala, Maneesh and Curless, Brian and Salesin, David}
}

@article{Mackinlay1986,
    title = {{Automating the design of graphical presentations of relational information}},
    year = {1986},
    journal = {ACM Transactions on Graphics (TOG)},
    author = {Mackinlay, Jock},
    number = {2},
    pages = {110--141},
    volume = {5},
    doi = {10.1145/22949.22950}
}

@article{Borkin2015,
    title = {{Beyond Memorability: Visualization Recognition and Recall}},
    year = {2016},
    journal = {IEEE Transactions on Visualization and Computer Graphics},
    author = {Borkin, Michelle A. and Bylinskii, Zoya and Kim, Nam Wook and Bainbridge, Constance May and Yeh, Chelsea S and Borkin, Daniel and Pfister, Hanspeter and Oliva, Aude},
    number = {1},
    month = {1},
    pages = {519--528},
    volume = {22},
    url = {papers3://publication/uuid/9AD97C00-BAC3-414A-8B6E-C951EE2CB7FB http://ieeexplore.ieee.org/document/7192646/},
    doi = {10.1109/TVCG.2015.2467732},
    issn = {1077-2626},
    keywords = {Important paper, To Read, data visualization}
}

@incollection{Martindale1999,
    title = {{Biological bases of creativity}},
    year = {1999},
    booktitle = {Handbook of Creativity},
    author = {Martindale, Colin},
    editor = {Sternberg, Robert J},
    publisher = {Cambridge University Press},
    address = {Cambridge, UK}
}

@article{Bruckner2009a,
    title = {{BrainGazer - Visual Queries for Neurobiology Research}},
    year = {2009},
    journal = {IEEE Transactions on Visualization and Computer Graphics},
    author = {Bruckner, Stefan and {\v{S}}olteszova, Veronika and Groller, Eduard and Hladůvka, Jiří and Buhler, Katja and Yu, Jai Y. and Dickson, Barry J.},
    number = {6},
    pages = {1497--1504},
    volume = {15},
    url = {http://www.cg.tuwien.ac.at/research/publications/2009/bruckner-2009-BVQ/bruckner-2009-BVQ-Paper.pdf},
    doi = {10.1109/TVCG.2009.121}
}

@article{Bruckner2009,
    title = {{BrainGazer--visual queries for neurobiology research.}},
    year = {2009},
    journal = {IEEE transactions on visualization and computer graphics},
    author = {Bruckner, Stefan and Solt{\'{e}}szov{\'{a}}, Veronika and Gr{\"{o}}ller, M Eduard and Hladůvka, Jirí and B{\"{u}}hler, Katja and Yu, Jai Y and Dickson, Barry J},
    number = {6},
    pages = {1497--504},
    volume = {15},
    url = {http://www.ncbi.nlm.nih.gov/pubmed/19834226},
    doi = {10.1109/TVCG.2009.121},
    issn = {1077-2626},
    pmid = {19834226},
    keywords = {Algorithms, Animals, Brain, Brain: anatomy {\&} histology, Computer Graphics, Database Management Systems, Drosophila melanogaster, Image Processing, Computer-Assisted, Image Processing, Computer-Assisted: methods, Information Storage and Retrieval, Microscopy, Confocal, Neurobiology, Neurobiology: methods}
}

@article{Wijk2006,
    title = {{Bridging the gaps}},
    year = {2006},
    journal = {IEEE Computer Graphics and Applications},
    author = {Wijk, J.J. Van},
    number = {6},
    volume = {26},
    doi = {10.1109/MCG.2006.120},
    issn = {0272-1716},
    keywords = {cooperation, information visualization, scientific visualization, user-centered design, visual analytics, visualization}
}

@article{Blanch2007,
    title = {{Browsing zoomable treemaps: structure-aware multi-scale navigation techniques.}},
    year = {2007},
    journal = {IEEE transactions on visualization and computer graphics},
    author = {Blanch, Renaud and Lecolinet, Eric},
    number = {6},
    pages = {1248--53},
    volume = {13},
    url = {http://www.ncbi.nlm.nih.gov/pubmed/17968071},
    doi = {10.1109/TVCG.2007.70540},
    issn = {1077-2626},
    pmid = {17968071}
}

@inproceedings{Weaver2004,
    title = {{Building Highly-Coordinated Visualizations in Improvise}},
    year = {2004},
    booktitle = {IEEE Symposium on Information Visualization Visualization},
    author = {Weaver, Chris},
    pages = {159--166},
    publisher = {IEEE},
    url = {http://ieeexplore.ieee.org/lpdocs/epic03/wrapper.htm?arnumber=1382904},
    isbn = {0-7803-8779-3},
    doi = {10.1109/INFVIS.2004.12},
    keywords = {coordinated queries, coordination, exploratory visual-, ization, multiple views, visual abstraction language}
}

@inproceedings{Butler2007,
    title = {{Bullet Ray Vision}},
    year = {2007},
    booktitle = {Proceedings of the IEEE Symposium on Interactive Ray Tracing},
    author = {Butler, Lee A and Stephens, Abe},
    doi = {10.1109/RT.2007.4342605},
    keywords = {ballistics, penetration, projectile, ray trac-, thor}
}

@inproceedings{Maiden2007,
    title = {{Can requirements be creative? Experiences with an enhanced air space management system}},
    year = {2007},
    booktitle = {International Conference on Software Engineering (ICSE)},
    author = {Maiden, Neil and Ncube, Cornelius and Robertson, Suzanne},
    isbn = {0769528287},
    doi = {10.1109/ICSE.2007.24},
    issn = {02705257}
}

@article{Sakai2015,
    title = {{Card Sorting Techniques for Domain Characterization in Problem-driven Visualization Research}},
    year = {2015},
    journal = {Eurographics Conference on Visualization (EuroVis)},
    author = {Sakai, R and Aerts, J},
    doi = {10.2312/eurovisshort.20151136}
}

@inproceedings{Sedlmair2011,
    title = {{Cardiogram: Visual Analytics for Automotive Engineers}},
    year = {2011},
    booktitle = {Proceedings of SIGCHI},
    author = {Sedlmair, Michael and Isenberg, Petra and Baur, Dominikus},
    url = {http://dl.acm.org/citation.cfm?id=1979194},
    isbn = {9781450302678}
}

@inproceedings{Gotz2008,
    title = {{Characterizing Users’ Visual Analytic Activity for Insight Provenance}},
    year = {2008},
    booktitle = {2008 IEEE Symposium on Visual Analytics Science and Technology},
    author = {Gotz, David and Zhou, Michelle X.},
    month = {10},
    pages = {123--130},
    url = {http://ieeexplore.ieee.org/lpdocs/epic03/wrapper.htm?arnumber=4677365},
    isbn = {978-1-4244-2935-6},
    doi = {10.1109/VAST.2008.4677365},
    keywords = {0, 5, analytic ac-, faces and presentation, general, h, index terms, information inter-, information systems, information visualization, insight provenance, taxonomy, tivity, visual analytics}
}

@inproceedings{Mahaux2007,
    title = {{Choose your creativity: why and how creativity in requirements engineering means different things to different people}},
    year = {2007},
    booktitle = {Requirements Engineering: Foundation for Software Quality},
    author = {Mahaux, Martin and Mavin, Alistair and Heymans, Patrick},
    url = {http://www.springerlink.com/index/10.1007/978-3-540-73031-6},
    isbn = {978-3-540-73030-9},
    doi = {10.1007/978-3-540-73031-6},
    issn = {03029743},
    pmid = {978},
    arxivId = {9780201398298},
    keywords = {crowdsourcing, data mining, requirements elicitation, requirements engineering, text mining}
}

@article{Irimia2012,
    title = {{Circular representation of human cortical networks for subject and population-level connectomic visualization}},
    year = {2012},
    journal = {NeuroImage},
    author = {Irimia, Andrei and Chambers, Micah C. and Torgerson, Carinna M. and Van Horn, John D.},
    number = {2},
    pages = {1340--1351},
    volume = {60},
    publisher = {Elsevier B.V.},
    url = {http://dx.doi.org/10.1016/j.neuroimage.2012.01.107},
    isbn = {1095-9572},
    doi = {10.1016/j.neuroimage.2012.01.107},
    issn = {10538119},
    pmid = {22305988},
    keywords = {Connectomics, Cortical network, DTI, MRI, Neuroimaging}
}

@article{Mulder2009,
    title = {{Co-creating in Practice: Results and Challenges}},
    year = {2009},
    journal = {2009 IEEE International Technology Management Conference (ICE)},
    author = {Mulder, Ingrid and Stappers, Pieter Jan},
    pages = {1--8},
    url = {http://ieeexplore.ieee.org/lpdocs/epic03/wrapper.htm?arnumber=7461369},
    isbn = {VO  -},
    doi = {10.1109/ITMC.2009.7461369},
    keywords = {Co-creation, Living Labs, contextual research, methods, user participation}
}

@article{Sanders2008,
    title = {{Co-creation and the new landscapes of design}},
    year = {2008},
    journal = {CoDesign},
    author = {Sanders, Elizabeth B.-N. and Stappers, Pieter Jan},
    number = {1},
    pages = {5--18},
    volume = {4},
    isbn = {15710882},
    doi = {10.1080/15710880701875068},
    issn = {1571-0882},
    pmid = {30050091},
    keywords = {co-creation, co-design, collective creativity, design research, participatory design, user-centered design}
}

@inproceedings{Vaidyanathan2014,
    title = {{Coarse pixel shading}},
    year = {2014},
    booktitle = {High Performance Graphics},
    author = {Vaidyanathan, Karthik and Salvi, Marco and Toth, Robert and Foley, Tim and Akenin-Moller, T. and Nilsoon, Jim and Munkberg, Jacob and Hasselgren, Jacob and Sugihara, Masamichi and Clarberg, Petrik and Lefohn, A}
}

@phdthesis{Dove2015,
    title = {{CoDesign With Data}},
    year = {2015},
    author = {Dove, Graham Michael},
    school = {City University London}
}

@inproceedings{Mahaux2013,
    title = {{Collaborative creativity in requirements engineering: analysis and practical advice}},
    year = {2013},
    booktitle = {IEEE Research Challenges in Information Science (RCIS)},
    author = {Mahaux, Martin and Gotel, Olly and Mavin, Alistair and Nguyen, L and Mich, L and Schmid, Klaus},
    isbn = {2151-1349 VO -},
    doi = {10.1109/RCIS.2013.6577678},
    issn = {21511349},
    keywords = {Buildings, Collaboration, Communities, Context, Cultural differences, Psychology, Systematics, collaborative creativity, design problem, formal specification, formal verification, groupware, interdisciplinary groups, requirements engineering, stakeholder interaction, systems analysis}
}

@inproceedings{Prilla2012,
    title = {{Collaborative reflection for learning at the healthcare workplace}},
    year = {2012},
    booktitle = {Proceedings of the ACM Conference on Supporting Group Work (GROUP)},
    author = {Prilla, Michael and Herrmann, Thomas and Degeling, Martin},
    isbn = {978-1-4614-1739-2, 978-1-4614-1740-8},
    doi = {10.1145/2389176.2389185},
    keywords = {collaborative reflection, reflection, reflective learning}
}

@misc{Brewer2014,
    title = {{ColorBrewer}},
    year = {2014},
    booktitle = {www.colorbrewer.org},
    author = {Brewer, Cynthia A}
}

@article{Brewer2003,
    title = {{ColorBrewer in Print: A Catalog of Color Schemes for Maps}},
    year = {2003},
    journal = {Cartography and Geographics Information science},
    author = {Brewer, Cynthia A. and Hatchard, Geoffrey W. and Harrower, Mark A},
    number = {1},
    volume = {30}
}

@misc{Brewer2006,
    title = {{ColorBrewer.org: An Online Tool for Selecting Color Schemes for Maps}},
    year = {2006},
    author = {Brewer, Cynthia and Harrower, Mark and Sheesley, Ben and Woodruff, Andy and Heyman, David},
    url = {http://http//colorbrewer2.org/}
}

@article{Melville2011,
    title = {{Combined vs. separate views in matrix-based graph analysis and comparison}},
    year = {2011},
    journal = {Proceedings of the International Conference on Information Visualisation},
    author = {Melville, Alan G. and Graham, Martin and Kennedy, Jessie B.},
    pages = {53--58},
    isbn = {9780769544762},
    doi = {10.1109/IV.2011.49},
    issn = {10939547},
    keywords = {Graph comparison, matrix visualisation}
}

@inproceedings{Tietjen2005,
    title = {{Combining Silhouettes, Surface, and Volume Rendering for Surgery Education and Planning}},
    year = {2005},
    booktitle = {EUROVIS'05 Proceedings of the Seventh Joint Eurographics / IEEE VGTC conference on Visualization},
    author = {Tietjen, Christian and Isenberg, Tobias},
    pages = {303--310},
    volume = {vi},
    url = {http://citeseerx.ist.psu.edu/viewdoc/download?doi=10.1.1.190.6771&rep=rep1&type=pdf},
    doi = {10.2312/VisSym/EuroVis05/303-310},
    keywords = {dering, hybrid styles, line rendering, medical visualization, non-photorealistic ren-}
}

@article{Saito1990,
    title = {{Comprehensible rendering of 3-D shapes}},
    year = {1990},
    journal = {ACM SIGGRAPH Computer Graphics},
    author = {Saito, Takafumi and Takahashi, Tokiichiro},
    number = {4},
    month = {9},
    pages = {197--206},
    volume = {24},
    url = {http://portal.acm.org/citation.cfm?doid=97880.97901},
    doi = {10.1145/97880.97901},
    issn = {00978930}
}

@book{Pemmaraju2001,
    title = {{Computational Discrete Mathematics: Combinatorics and Graph Theory with Mathematica}},
    year = {2001},
    author = {Pemmaraju, Sriram and Skiena, Steven},
    publisher = {Cambridge University Press},
    isbn = {978-0521806862}
}

@book{Hennessy2011,
    title = {{Computer Architecture: A Quantitative Approach}},
    year = {2011},
    author = {Hennessy, John L. and Patterson, David A.},
    edition = {Fifth},
    pages = {856},
    publisher = {Morgan Kaufmann}
}

@article{Slingsby2009,
    title = {{Configuring Hierarchical Layouts to Address Research Questions.}},
    year = {2009},
    journal = {IEEE transactions on visualization and computer graphics},
    author = {Slingsby, Aidan and Dykes, Jason and Wood, Jo},
    number = {6},
    pages = {977--84},
    volume = {15},
    url = {http://www.ncbi.nlm.nih.gov/pubmed/19834162},
    doi = {10.1109/TVCG.2009.128},
    issn = {1077-2626},
    pmid = {19834162}
}

@article{Beyer2013,
    title = {{ConnectomeExplorer: Query-Guided Visual Analysis of Large Volumetric Neuroscience Data}},
    year = {2013},
    journal = {IEEE Transactions on Visualization and Computer Graphics},
    author = {Beyer, Johanna and Al-Awami, Ali K. and Kasthuri, Narayanan and Lichtman, Jeff W. and Pfister, Hanspeter and Hadwiger, Markus},
    number = {12},
    pages = {2868--2877},
    volume = {19},
    isbn = {2122633255},
    doi = {10.1016/j.biotechadv.2011.08.021.Secreted},
    issn = {15378276},
    pmid = {1000000221},
    arxivId = {NIHMS150003}
}

@inproceedings{Hanson1997,
    title = {{Constrainted 3D Navigation with 2D Controllers}},
    year = {1997},
    booktitle = {Proceedings of VIS '97},
    author = {Hanson, Andrew J. and Wernert, Eric A.}
}

@article{Steinberger2011,
    title = {{Context-preserving visual links.}},
    year = {2011},
    journal = {IEEE transactions on visualization and computer graphics},
    author = {Steinberger, Markus and Waldner, Manuela and Streit, Marc and Lex, Alexander and Schmalstieg, Dieter},
    number = {12},
    month = {12},
    pages = {2249--58},
    volume = {17},
    url = {http://www.ncbi.nlm.nih.gov/pubmed/22034344},
    doi = {10.1109/TVCG.2011.183},
    issn = {1941-0506},
    pmid = {22034344}
}

@incollection{Holtzblatt1993,
    title = {{Contextual inquiry: a participatory technique for system design}},
    year = {1993},
    booktitle = {Participatory Design: Principles and Practice},
    author = {Holtzblatt, Karen and Jones, Sandra},
    editor = {Schuler, Douglas and Namioka, Aki},
    publisher = {Lawrence Erlbaum Associates},
    address = {Hillsdale, NJ, USA}
}

@inproceedings{Wixon1996,
    title = {{Contextual Inquiry: Grounding Your Design in User's Work}},
    year = {1996},
    booktitle = {CHI '96 Conference Companion on Human Factors in Computing Systems},
    author = {Wixon, Dennis and Flanders, Alicia and Beabes, Minnette A.}
}

@book{Gardiner1993,
    title = {{Creating Minds}},
    year = {1993},
    author = {Gardiner, H},
    publisher = {Basic Books},
    address = {New York, New York, USA}
}

@book{Isaksen2000,
    title = {{Creative Approahces to Problem Solving}},
    year = {2000},
    author = {Isaksen, S.G. and Dorval, K.B. and Treffinger, D. J.},
    publisher = {Kendall/Hunt},
    address = {Dubuque, Iowa}
}

@article{Goodwin2013,
    title = {{Creative user-centered design for energy analysts and modelers}},
    year = {2013},
    journal = {IEEE Transactions on Visualization and Computer Graphics},
    author = {Goodwin, Sarah and Dykes, Jason and Jones, Sara and Dillingham, Iain and Dove, Graham and Allison, Duffy and Kachkaev, Alexander and Slingsby, Aidan and Wood, Jo},
    number = {12},
    volume = {19}
}

@book{Sherwin2011,
    title = {{Creative Workshop: 80 Challenges to Sharpen Your Design Skills}},
    year = {2011},
    author = {Sherwin, David},
    publisher = {How Books},
    address = {Cincinnati, OH}
}

@article{Guilford1950,
    title = {{Creativity}},
    year = {1950},
    journal = {American Psychologist},
    author = {Guilford, Joy Paul},
    number = {9},
    volume = {5}
}

@incollection{Lubart1999,
    title = {{Creativity across cultures}},
    year = {1999},
    booktitle = {Handbook of Creativity},
    author = {Lubart, Todd I},
    editor = {Sternberg, Robert J},
    publisher = {Cambridge University Press},
    address = {Cambridge, UK}
}

@inproceedings{Horkoff2015,
    title = {{Creativity and goal modeling for software requirements engineering}},
    year = {2015},
    booktitle = {Proceedings of the ACM SIGCHI Conference on Creativity and Cognition},
    author = {Horkoff, Jennifer and Maiden, Neil and Lockerbie, James},
    url = {http://dx.doi.org/10.1145/2757226.2764544},
    isbn = {978-1-4503-3598-0},
    doi = {10.1145/2757226.2764544}
}

@article{Amabile2008,
    title = {{Creativity and the role of the leader}},
    year = {2008},
    journal = {Harvard Business Review},
    author = {Amabile, Teresa M and Khaire, Mukti},
    number = {10},
    volume = {86},
    url = {http://search.ebscohost.com/login.aspx?direct=true&db=bth&AN=34402677&site=ehost-live},
    isbn = {00178012},
    keywords = {ATTENDANCE, Amy, Conferences {\&} conventions, Cook, Creative ability in business, Diego, Edmondson, Employee motivation, Fishman, Harvard Business School, Innovation management, Leadership, Mark, Rodr{\'{i}}guez, Scott, Strategic planning}
}

@article{Glaveanu2013,
    title = {{Creativity as action: findings from five creative domains.}},
    year = {2013},
    journal = {Frontiers in Psychology},
    author = {Glaveanu, Vlad and Lubart, Todd and Bonnardel, Nathalie and Botella, Marion and de Biaisi, Pierre-Marc and Desainte-Catherine, Myriam and Georgsdottir, Asta and Guillou, Katell and Kurtag, Gyorgy and Mouchiroud, Christophe and Storme, Martin and Wojtczuk, Alicja and Zenasni, Franck},
    volume = {4},
    url = {http://www.pubmedcentral.nih.gov/articlerender.fcgi?artid=3627136&tool=pmcentrez&rendertype=abstract},
    doi = {10.3389/fpsyg.2013.00176},
    issn = {1664-1078},
    pmid = {23596431},
    keywords = {action, art, creativity, design, music, science, scriptwr, scriptwriting}
}

@article{Bonnardel1999,
    title = {{Creativity in design activities: the role of analogies in a constrained cognitive environment}},
    year = {1999},
    journal = {Creativity and Cognition. Proceedings of the Third Creativity and Cognition Conference},
    author = {Bonnardel, N},
    pages = {158--165},
    isbn = {1-58113-078-3},
    doi = {10.1145/317561.317589},
    keywords = {collaborative systems, design methods, designsystems, ideation}
}

@inproceedings{Jones2007,
    title = {{Creativity in the specification of large-scale socio-technical systems}},
    year = {2007},
    booktitle = {Conference on Creative Inventions, Innovations and Everyday Designs in HCI},
    author = {Jones, Sara and Maiden, Neil and Karlsen, Kristine},
    url = {http://openaccess.city.ac.uk/3034/1/SensorimotorRecal_FinalSubmitted.pdf},
    isbn = {1412920388},
    doi = {10.1007/978-3-540-25939-8},
    issn = {17411068},
    arxivId = {arXiv:0706.3384v2}
}

@inproceedings{Hewett2005,
    title = {{Creativity support tool evaluation methods and metrics}},
    year = {2005},
    booktitle = {NSF Workshop Report on Creativity Support Tools},
    author = {Hewett, Tom and Czerwinski, Mary and Terry, Michael and Nunamaker, Jay and Candy, Linda and Kules, Bill and Sylvan, Elisabeth}
}

@inproceedings{Shneiderman2005,
    title = {{Creativity support tools}},
    year = {2005},
    booktitle = {NSF Workshop Report on Creativity Support Tools},
    author = {Shneiderman, Ben and Fischer, Gerhard and Czerwinski, Mary and Myers, Brad}
}

@book{Csikszentmihalyi1997,
    title = {{Creativity: Flow and the Psychology of Discovery and Invention}},
    year = {1997},
    author = {Csikszentmihalyi, Mihaly},
    publisher = {Harper Perennial},
    address = {New York City, NY, USA}
}

@misc{Young2011,
    title = {{CSAA (Coverage Sampling Antialiasing)}},
    year = {2011},
    booktitle = {Nvidia Technical Report},
    author = {Young, Peter},
    url = {https://developer.nvidia.com/csaa-coverage-sampling-antialiasing}
}

@article{Smoot2011,
    title = {{Cytoscape 2.8: New features for data integration and network visualization}},
    year = {2011},
    journal = {Bioinformatics},
    author = {Smoot, Michael E. and Ono, Keiichiro and Ruscheinski, Johannes and Wang, Peng Liang and Ideker, Trey},
    number = {3},
    pages = {431--432},
    volume = {27},
    isbn = {1367-4811 (Electronic){\textbackslash}n1367-4803 (Linking)},
    doi = {10.1093/bioinformatics/btq675},
    issn = {13674803},
    pmid = {21149340}
}

@article{ChristmasRowanAvila-CampilloIlianaBolouriHamidSchwikowskiBennoAndersonMarkKelleyRyanLandysNeriusWorkmanChrisIdekerTreyCeramiEthanSheridanRobBaderGaryD.Sander2005,
    title = {{Cytoscape: a software environment for integrated models of biomolecular interaction networks}},
    year = {2005},
    journal = {American Association for Cancer Research Education Book},
    author = {Christmas, Rowan; Avila-Campillo, Iliana; Bolouri, Hamid; Schwikowski, Benno; Anderson, Mark; Kelley, Ryan; Landys, Nerius; Workman, Chris; Ideker, Trey; Cerami, Ethan; Sheridan, Rob; Bader, Gary D.; Sander, Chris},
    number = {Karp 2001},
    pages = {12--16},
    isbn = {1088-9051 (Print)1088-9051 (Linking)},
    doi = {10.1101/gr.1239303.metabolite},
    issn = {1088-9051},
    pmid = {14597658}
}

@article{Bostock2011,
    title = {{D3: Data Drive Documents}},
    year = {2011},
    journal = {IEEE Trans. on Vis. and Comp. Graphics},
    author = {Bostock, Michael and Ogievetsky, Vadim and Heer, Jeffrey}
}

@article{Gray1997,
    title = {{Data Cube : A Relational Aggregation Operator}},
    year = {1997},
    journal = {Data Mining and Knowledge Discovery},
    author = {Gray, Jim and Chaudhuri, Surajit and Bosworth, Adam and Layman, Andrew and Reichart, Don and Venkatrao, Murali and Pellow, Frank and Pirahesh, Hamid},
    number = {1},
    volume = {1},
    doi = {10.1109/ICDE.1996.492099},
    keywords = {aggregation, analysis, data cube, data mining, database, query, summarization}
}

@article{Heer2010,
    title = {{Declarative language design for interactive visualization}},
    year = {2010},
    journal = {IEEE Transactions on Visualization and Computer Graphics},
    author = {Heer, Jeffrey and Bostock, Michael},
    number = {6},
    pages = {1149--1156},
    volume = {16},
    isbn = {1077-2626},
    doi = {10.1109/TVCG.2010.144},
    issn = {10772626},
    pmid = {20975153},
    keywords = {declarative languages, domain specific languages, information visualization, optimization, toolkits, user interfaces}
}

@article{Liktor2012,
    title = {{Decoupled deferred shading for hardware rasterization}},
    year = {2012},
    journal = {Proceedings of the ACM SIGGRAPH Symposium on Interactive 3D Graphics and Games - I3D '12},
    author = {Liktor, Gabor and Dachsbacher, Carsten},
    pages = {143 - 150},
    publisher = {ACM Press},
    url = {http://dl.acm.org/citation.cfm?doid=2159616.2159640},
    address = {New York, New York, USA},
    isbn = {9781450311946},
    doi = {10.1145/2159616.2159640},
    keywords = {decoupled sampling, deferred shading, stochastic ras-}
}

@inproceedings{Lauritzen2010,
    title = {{Deferred Rendering for Current and Future Rendering Pipelines}},
    year = {2010},
    booktitle = {SIGGRAPH '10 Courses},
    author = {Lauritzen, Andrew},
    url = {http://software.intel.com/en-us/articles/deferred-rendering-for-current-and-future-rendering-pipelines}
}

@article{McKenna2014,
    title = {{Design activity framework for visualization design}},
    year = {2014},
    journal = {IEEE Transactions on Visualization and Computer Graphics},
    author = {McKenna, Sean and Mazur, Dominika and Agutter, James and Meyer, Miriah},
    number = {12},
    volume = {20},
    url = {http://ieeexplore.ieee.org/lpdocs/epic03/wrapper.htm?arnumber=6876000},
    doi = {10.1109/TVCG.2014.2346331},
    issn = {1077-2626}
}

@article{Coffey2013,
    title = {{Design by Dragging: An Interface for Creative Forward and Inverse Design with Simulation Ensembles}},
    year = {2013},
    journal = {IEEE transactions on visualization and computer graphics},
    author = {Coffey, Dane and Lin, Chi-Lun and Erdman, Arthur G. and Keefe, Daniel F.},
    number = {12},
    month = {12},
    pages = {2783--91},
    volume = {19},
    url = {http://www.ncbi.nlm.nih.gov/pubmed/24051845 http://ieeexplore.ieee.org/xpls/abs_all.jsp?arnumber=6634138},
    doi = {10.1109/TVCG.2013.147},
    issn = {1941-0506},
    pmid = {24051845}
}

@article{Sedlmair2012,
    title = {{Design study methodology: reflections from the trenches and the stacks}},
    year = {2012},
    journal = {IEEE Transactions on Visualization and Computer Graphics},
    author = {Sedlmair, Michael and Meyer, Miriah and Munzner, Tamara},
    number = {12},
    volume = {18}
}

@article{Marcu2014,
    title = {{Designing for Collaborative Reflection}},
    year = {2014},
    journal = {Proceedings of the 8th International Conference on Pervasive Computing Technologies for Healthcare},
    author = {Marcu, Gabriela and Dey, Anind and Kiesler, Sara},
    url = {http://eudl.eu/doi/10.4108/icst.pervasivehealth.2014.254987},
    isbn = {978-1-63190-011-2},
    doi = {10.4108/icst.pervasivehealth.2014.254987},
    keywords = {collaboration, fieldwork, health informatics}
}

@inproceedings{Renoust2015,
    title = {{Detangler: Visual Analytics for Multiplex Networks}},
    year = {2015},
    booktitle = {Eurographics Conference on Visualization (EuroVis)},
    author = {Renoust, B and Melan{\c{c}}on, G and Munzner, T},
    number = {3},
    volume = {34},
    doi = {10.1111/cgf.12644}
}

@inproceedings{Koh2011,
    title = {{Developing and applying a user-centered model for the design and implementation of information visualization tools}},
    year = {2011},
    booktitle = {Proceedings of the International Conference on Information Visualisation},
    author = {Koh, Lian Chee and Slignsby, Aiden and Dykes, Jason and Kam, Tin Seong},
    url = {http://ieeexplore.ieee.org/lpdocs/epic03/wrapper.htm?arnumber=6004027},
    isbn = {978-1-4577-0868-8},
    doi = {10.1109/IV.2011.32},
    keywords = {- information visualization, a, analysis, design, healthcare patient satisfaction index, inform domain users about, problem domain characterization, prototyping, requirements, the, these additions, user-centered approach}
}

@inproceedings{Maiden2005,
    title = {{Developing use cases and scenarios in the requirements process}},
    year = {2005},
    booktitle = {International Conference on Software Engineering},
    author = {Maiden, Neil and Robertson, Suzanne},
    url = {http://portal.acm.org/citation.cfm?doid=1062455.1062555},
    isbn = {1595939632},
    doi = {10.1145/1062455.1062555},
    issn = {1098-6596},
    pmid = {25246403},
    arxivId = {arXiv:1011.1669v3}
}

@article{Madhavan2014,
    title = {{DIA2: Web-based Cyberinfrastructure for Visual Analysis of Funding Portfolios}},
    year = {2014},
    journal = {IEEE Transactions on Visualization and Computer Graphics},
    author = {Madhavan, Krishna and Elmqvist, Niklas and Vorvoreanu, Mihaela},
    number = {1},
    volume = {20},
    url = {http://ieeexplore.ieee.org/xpls/abs_all.jsp?arnumber=6876046}
}

@article{Rufiange2013,
    title = {{DiffAni: Visualizing dynamic graphs with a hybrid of difference maps and animation}},
    year = {2013},
    journal = {IEEE Transactions on Visualization and Computer Graphics},
    author = {Rufiange, Sebastien and McGuffin, Michael J.},
    number = {12},
    pages = {2556--2565},
    volume = {19},
    isbn = {1077-2626},
    doi = {10.1109/TVCG.2013.149},
    issn = {10772626},
    pmid = {24051822},
    keywords = {Dynamic networks, animation, difference map, evolution, hybrid visualization, taxonomy}
}

@inproceedings{Rogers2016,
    title = {{Discovery Jam}},
    year = {2016},
    booktitle = {IEEE Vis (Workshops)},
    author = {Rogers, David H. and Aragon, Cecilia and Keefe, Dan and Kerzner, Ethan and McCurdy, Nina and Meyer, Miriah and Samsel, Francesca}
}

@book{Baer1993,
    title = {{Diuergent thinking and creatiuity: a task-specific approach}},
    year = {1993},
    author = {Baer, John},
    publisher = {Erlbaum}
}

@article{Rhyne2003,
    title = {{Does the Difference between Information and Scientific Visualization Really Matter?}},
    year = {2003},
    journal = {IEEE Computer Graphics and Applications},
    author = {Rhyne, Theresa-Marie},
    number = {May/June},
    pages = {6--8},
    url = {http://ieeexplore.ieee.org/stamp/stamp.jsp?arnumber=01198256},
    doi = {10.1109/MCG.2003.1198256}
}

@article{Huebner2010,
    title = {{Effects of viewing time, fixations, and viewing strategies on visual memory for briefly presented natural objects.}},
    year = {2010},
    journal = {Quarterly journal of experimental psychology},
    author = {Huebner, Gesche M and Gegenfurtner, Karl R},
    number = {7},
    month = {7},
    pages = {1398--413},
    volume = {63},
    url = {http://www.ncbi.nlm.nih.gov/pubmed/20043271},
    doi = {10.1080/17470210903398139},
    issn = {1747-0226},
    pmid = {20043271},
    keywords = {Analysis of Variance, Attention, Attention: physiology, Fixation, Humans, Memory, Memory: classification, Memory: physiology, Ocular, Ocular: physiology, Pattern Recognition, Photic Stimulation, Photic Stimulation: methods, Reaction Time, Reaction Time: physiology, Students, Time Factors, Universities, Visual, Visual: physiology}
}

@article{Brainerd2016,
    title = {{Efficient GPU Rendering of Subdivision Surfaces using Adaptive Quadtrees}},
    year = {2016},
    journal = {ACM Transactions on Graphics},
    author = {Brainerd, Wade and Foley, Tim and Kraemer, Manuel and Moreton, Henry and Nie{\ss}ner, Matthias},
    number = {4},
    pages = {12},
    volume = {35},
    url = {http://www.graphics.stanford.edu/~niessner/brainerd2016efficient.html},
    isbn = {978-1-4503-4279-7/16/07},
    doi = {http://dx.doi.org/10.1145/2897824.2925874},
    issn = {15577368},
    keywords = {real-time rendering, subdivision surfaces}
}

@inproceedings{Zhao2016,
    title = {{Egocentric analysis of dynamic networks with EgoLines}},
    year = {2016},
    booktitle = {Proc. CHI},
    author = {Zhao, Jian and Glueck, Michael and Chevalier, Fanny and Wu, Yanhong and Khan, Azam},
    url = {http://doi.acm.org/10.1145/2858036.2858488},
    isbn = {978-1-4503-3362-7},
    doi = {10.1145/2858036.2858488},
    keywords = {dynamic network, egocentric network, graph visualization}
}

@inproceedings{Zhao2005,
    title = {{Elastic hierarchies: combining treemaps and node-link diagrams}},
    year = {2005},
    booktitle = {IEEE Symposium on Information Visualization},
    author = {Zhao, Shendong and McGuffin, Michael J. and Chignell, Mark H.},
    pages = {57--64},
    publisher = {Ieee},
    url = {http://ieeexplore.ieee.org/lpdocs/epic03/wrapper.htm?arnumber=1532129},
    isbn = {0-7803-9464-X},
    doi = {10.1109/INFVIS.2005.1532129}
}

@article{Wald2014,
    title = {{Embree: A Kernel Framework For Efficient CPU Ray Tracing}},
    year = {2014},
    journal = {ACM Transactions on Graphics},
    author = {Wald, Ingo and Woop, Sven and Benthin, Carten and Johnon, Gregory S. and Ernst, Manfred},
    number = {4},
    volume = {33}
}

@article{Haug1981,
    title = {{Engineering Safety Analysts vis Destructive Numerical Experiments}},
    year = {1981},
    journal = {EUROMECH 121, Polish Acaemy of Sciences, Engineering Transactions},
    author = {Haug, E.},
    number = {1},
    volume = {29}
}

@incollection{Nickerson1999,
    title = {{Enhancing Creativity}},
    year = {1999},
    booktitle = {Handbook of Creativity},
    author = {Nickerson, Raymond S.},
    editor = {{Robert J. Sternberg}},
    pages = {490},
    publisher = {Cambridge University Press},
    address = {Cambridge, UK}
}

@article{Robertson2002,
    title = {{Eureka! Why analysis should invent requirements}},
    year = {2002},
    journal = {IEEE Software},
    author = {Robertson, J},
    number = {4},
    volume = {19},
    isbn = {0740-7459},
    doi = {10.1109/MS.2002.1020281},
    issn = {0740-7459},
    keywords = {User}
}

@inproceedings{Sedlmair2010,
    title = {{Evaluating information visualization in large companies: challenges, experiences and recommendations}},
    year = {2010},
    booktitle = {Workshop on BEyond Time and Errors: Novel EvaLuation Methods for Information Visualization},
    author = {Sedlmair, Michael and Isenberg, P and Baur, D and Butz, A},
    url = {http://dl.acm.org/citation.cfm?id=2110204},
    isbn = {9781450300070},
    doi = {10.1177/1473871611413099},
    keywords = {company setting, evaluation, information visualization}
}

@article{Padilla2016,
    title = {{Evaluating the Impact of Binning 2D Scalar Fields}},
    year = {2016},
    journal = {IEEE Trans. on Vis. and Comp. Graphics},
    author = {Padilla, Lace and Quinan, P. Samuel and Meyer, M and Creem-Regehr, S.H.},
    number = {1},
    volume = {23}
}

@inproceedings{Conati2014,
    title = {{Evaluating the Impact of User Characteristics and Different Layouts on an Interactive Visualization for Decision Making}},
    year = {2014},
    booktitle = {Eurographics Conference on Visualization (EuroVis) 2014},
    author = {Conati, C and Carenini, G and Hoque, E and Steichen, B and Toker, D},
    number = {3},
    volume = {33}
}

@book{Sawyer2006,
    title = {{Explaining Creativity - the Science of Human Innovation}},
    year = {2006},
    author = {Sawyer, Keith R.},
    publisher = {Oxford University Press},
    url = {http://medcontent.metapress.com/index/A65RM03P4874243N.pdf%5Cnhttp://books.google.com/books?hl=en&lr=&id=Ip_3VjzpiAYC&oi=fnd&pg=PA299&dq=Explaining+Creativity&ots=5FStPZi5Xn&sig=hK83t-yDT4fng9Rlgngmqz5wBb0},
    isbn = {9780195161649},
    doi = {10.1016/0140-1750(88)90050-4},
    issn = {01401750},
    pmid = {25246403},
    arxivId = {arXiv:1011.1669v3}
}

@inproceedings{Cheng2014,
    title = {{Explass: Exploring Associations between Entities via Top-K Ontological Patterns and Facets}},
    year = {2014},
    booktitle = {Proc. Int. Semantic Web Conference},
    author = {Cheng, Gong and Zhang, Yanan and Qu, Yuzhong},
    doi = {10.1007/978-3-319-11915-1{\_}27},
    keywords = {Association exploration, clustering, exploratory search, faceted search, ontological association pattern}
}

@article{Demiralp2012,
    title = {{Exploring Brain Connectivity with Two-Dimensional Maps}},
    year = {2012},
    journal = {New Developments in the Visualization and Processing of Tensor Fields},
    author = {Demiralp, Çağatay and Jianu, Radu and Laidlaw, David H},
    pages = {187--207},
    url = {http://dx.doi.org/10.1007/978-3-642-27343-8_10},
    isbn = {978-3-642-27343-8}
}

@inproceedings{Chang2013,
    title = {{Exploring Entities in Text with Descriptive Non-photorealistic Rendering}},
    year = {2013},
    booktitle = {IEEE Pacific Visualization Symposium},
    author = {Chang, Meng-Wei and Collins, Christopher},
    month = {2},
    url = {http://ieeexplore.ieee.org/lpdocs/epic03/wrapper.htm?arnumber=6596122},
    isbn = {978-1-4673-4797-6},
    doi = {10.1109/PacificVis.2013.6596122}
}

@article{Graham2007,
    title = {{Exploring multiple trees through DAG representations.}},
    year = {2007},
    journal = {IEEE transactions on visualization and computer graphics},
    author = {Graham, Martin and Kennedy, Jessie},
    number = {6},
    pages = {1294--301},
    volume = {13},
    url = {http://www.ncbi.nlm.nih.gov/pubmed/17968077},
    doi = {10.1109/TVCG.2007.70556},
    issn = {1077-2626},
    pmid = {17968077}
}

@inproceedings{Javed2012,
    title = {{Exploring the design space of composite visualization}},
    year = {2012},
    booktitle = {2012 IEEE Pacific Visualization Symposium},
    author = {Javed, Waqas and Elmqvist, Niklas},
    month = {2},
    pages = {1--8},
    publisher = {Ieee},
    url = {http://ieeexplore.ieee.org/lpdocs/epic03/wrapper.htm?arnumber=6183556},
    isbn = {978-1-4673-0866-3},
    doi = {10.1109/PacificVis.2012.6183556}
}

@article{Loorak2016,
    title = {{Exploring the Possibilities of Embedding Heterogeneous Data Attributes in Familiar Visualizations}},
    year = {2016},
    journal = {IEEE Trans. on Vis. and Comp. Graphics},
    author = {Loorak, Mona Hosseinkhani and Perin, Charles and Collins, Christopher and Capendale, Sheelagh},
    number = {1},
    volume = {23},
    doi = {10.1109/TVCG.2016.2598586}
}

@article{Anderson2011,
    title = {{Exploring the retinal connectome}},
    year = {2011},
    journal = {Mol Vis},
    author = {Anderson, James R. and Jones, Bryan W. and Watt, Carl B. and Shaw, Margaret V. and Yang, Jia-Hui and DeMill, David and Lauritzen, James S. and Yanhua Lin, Kevin D. Rapp, David Mastronarde, Pavel Koshevoy and Grimm, Bradley and Tasdizen, Tolga and Whitaker, Ross and Marc, Robert E.}
}

@article{Anderson2011a,
    title = {{Exploring the retinal connectome}},
    year = {2011},
    journal = {Mol Vis},
    author = {Anderson, J R and Jones, B W and Watt, C B and Shaw, M V and Yang, J H and Demill, D and Lauritzen, J S and Lin, Y and Rapp, K D and Mastronarde, D and Koshevoy, P and Grimm, B and Tasdizen, T and Whitaker, R and Marc, R E},
    isbn = {1090-0535 (Electronic){\textbackslash}r1090-0535 (Linking)},
    issn = {1090-0535},
    pmid = {21311605},
    keywords = {Amacrine Cells/cytology, Animals, Automation, Electron, Female, Glycine/chemistry, Humans, Mice, Microscopy, Nerve Net, Neurons/physiology, Photoreceptor Cells, Rabbits, Retina/*metabolism/physiology, Synapses/metabolism, Transmission/methods, Vertebrate/cytology, gamma-Aminobutyric Acid/metabolism}
}

@techreport{Vesely1981,
    title = {{Fault Tree Handbook}},
    year = {1981},
    author = {Vesely, W. E. and Goldberg, F. F. and Roberts, N. H. and Haasl, D. F.},
    pages = {209},
    institution = {U.S. Nuclear Regulatory Commission},
    address = {Washington, D.C.}
}

@incollection{Mayer1999,
    title = {{Fifty years of creativity research}},
    year = {1999},
    booktitle = {Handbook of Creativity},
    author = {Mayer, Richard E.},
    editor = {Sternberg, Robert J.},
    publisher = {Cambridge University Press},
    address = {Cambridge, UK}
}

@book{Lewandowski2015,
    title = {{Flask Web Development}},
    year = {2015},
    booktitle = {The effects of brief mindfulness intervention on acute pain experience: An examination of individual difference},
    author = {Lewandowski, Clare M.},
    volume = {1},
    isbn = {9788578110796},
    doi = {10.1017/CBO9781107415324.004},
    issn = {1098-6596},
    pmid = {25246403},
    arxivId = {arXiv:1011.1669v3},
    keywords = {icle}
}

@inproceedings{Bastian2009,
    title = {{Gephi: an open source software for exploring and manipulating networks}},
    year = {2009},
    booktitle = {Proc. ICWSM},
    author = {Bastian, Mathieu and Heymann, Sebastien and Jacomy, Mathieu},
    keywords = {graph explor, network, network science, visualization}
}

@article{Herring2009,
    title = {{Getting inspired!: understanding how and why examples are used in creative design practice}},
    year = {2009},
    journal = {Proceedings of the SIGCHI Conference on Human Factors in Computing Systems - CHI'09},
    author = {Herring, Scarlett R. and Chang, Chia-Chen and Krantzler, Jesse and Bailey, Brian P.},
    pages = {87},
    url = {http://dl.acm.org/citation.cfm?id=1518701.1518717},
    isbn = {9781605582467},
    doi = {10.1145/1518701.1518717},
    keywords = {case-based design, design, examples, graphic design, industrial design, product design, web design}
}

@article{Stolper2014,
    title = {{GLO-STIX: Graph-level operations for specifying techniques and interactive exploration}},
    year = {2014},
    journal = {IEEE Transactions on Visualization and Computer Graphics},
    author = {Stolper, Charles D. and Kahng, Minsuk and Lin, Zhiyuan and Foerster, Florian and Goel, Aakash and Stasko, John and Chau, Duen Horng},
    number = {12},
    pages = {2320--2328},
    volume = {20},
    isbn = {1077-2626 VO - 20},
    doi = {10.1109/TVCG.2014.2346444},
    issn = {10772626},
    pmid = {26005315},
    keywords = {Graph analysis, Graph visualization, Graph-level operations, Information visualization, Visualization technique specification}
}

@article{Maries2013,
    title = {{GRACE: A Visual Comparison Framework for Integrated Spatial and Non-Spatial Geriatric Data.}},
    year = {2013},
    journal = {IEEE Transactions on Visualization and Computer Graphics},
    author = {Maries, Adrian and Mays, Nathan and Hunt, Meganolson and Wong, Kim F and Layton, William and Boudreau, Robert and Rosano, Caterina and Marai, G Elisabeta},
    number = {12},
    month = {12},
    volume = {19},
    url = {http://www.ncbi.nlm.nih.gov/pubmed/24051859 http://people.cs.pitt.edu/~marai/pubs/Maries-2013-GAV.pdf},
    doi = {10.1109/TVCG.2013.161},
    issn = {1941-0506},
    pmid = {24051859}
}

@article{Kettunen2015,
    title = {{Gradient-domain path tracing}},
    year = {2015},
    journal = {ACM Transactions on Graphics},
    author = {Kettunen, Markus and Manzi, Marco and Aittala, Miika and Lehtinen, Jaakko and Durand, Frédo and Zwicker, Matthias},
    number = {4},
    month = {7},
    pages = {1--123},
    volume = {34},
    url = {http://dl.acm.org/citation.cfm?doid=2809654.2766997},
    doi = {10.1145/2766997},
    issn = {07300301},
    keywords = {global illumination, gradient-domain, path tracing}
}

@article{Kerzner2017,
    title = {{Graffinity: visualizing connectivity in large graphs}},
    year = {2017},
    journal = {Computer Graphics Forum},
    author = {Kerzner, Ethan and Lex, Alexander and Urness, Timothy and Sigulinsky, Crystal L. and Jones, Bryan W. and Marc, Robert E. and Meyer, Miriah},
    number = {3},
    volume = {34}
}

@inproceedings{Czech2011,
    title = {{Graph descriptors from B-matrix representation}},
    year = {2011},
    booktitle = {Graph-Based Rep. in Pattern Recognition},
    author = {Czech, Wojciech},
    doi = {10.1007/978-3-642-20844-7{\_}2}
}

@article{Wu2016,
    title = {{Graph query algebra and visual proximity rules for biological pathway exploration}},
    year = {2016},
    journal = {Information Visualization},
    author = {Wu, K. and Sun, L. and Schmidt, C. and Chen, J.},
    url = {http://ivi.sagepub.com/lookup/doi/10.1177/1473871616666394},
    doi = {10.1177/1473871616666394},
    issn = {1473-8716},
    keywords = {biological pathway, graph visualization, interactive metaphor, relational query, visual analytics}
}

@article{McGraw2015,
    title = {{Graph-based visualization of neuronal connectivity using matrix block partitioning and edge bundling}},
    year = {2015},
    journal = {Lecture Notes in Computer Science (including subseries Lecture Notes in Artificial Intelligence and Lecture Notes in Bioinformatics)},
    author = {McGraw, Tim},
    pages = {3--13},
    volume = {9474},
    isbn = {9783319278568},
    doi = {10.1007/978-3-319-27857-5{\_}1},
    issn = {16113349}
}

@inproceedings{Erten2004,
    title = {{GraphAEL: Graph Animations with Evolving Layouts}},
    year = {2004},
    booktitle = {Graph Drawing},
    author = {Erten, Cesim and Harding, Philip J. and Kobourov, Stephen G. and Wampler, Kevin and Yee, Gary},
    pages = {98--110},
    url = {http://link.springer.com/10.1007/978-3-540-24595-7_9},
    doi = {10.1007/978-3-540-24595-7{\_}9}
}

@inproceedings{Tu2013,
    title = {{GraphCharter: combining browsing with query to explore large semantic graphs}},
    year = {2013},
    booktitle = {IEEE Pacific Vis. Symp},
    author = {Tu, Ying and Shen, Han Wei},
    isbn = {9781467347976},
    doi = {10.1109/PacificVis.2013.6596127},
    issn = {21658765},
    keywords = {Graph browsing, graph query, heterogeneous-edged graphs, semantic graphs, social graphs, visual query}
}

@article{Javed2010,
    title = {{Graphical perception of multiple time series}},
    year = {2010},
    journal = {IEEE transactions on visualization and computer graphics},
    author = {Javed, Waqas},
    number = {6},
    pages = {927--34},
    volume = {16},
    url = {http://www.ncbi.nlm.nih.gov/pubmed/20975129 http://ieeexplore.ieee.org/xpls/abs_all.jsp?arnumber=5613429},
    doi = {10.1109/TVCG.2010.162},
    issn = {1077-2626},
    pmid = {20975129}
}

@article{Cleveland1984,
    title = {{Graphical Perception: Theory, Experimentation, and Application to the Development of Graphical Methods}},
    year = {1984},
    journal = {Journal of the American Statistical Association},
    author = {Cleveland, W. S. and McGill, R.},
    number = {387},
    pages = {531--554},
    volume = {79},
    url = {http://www.jstor.org/stable/2288400},
    isbn = {0162-1459},
    doi = {10.2307/2288400},
    issn = {0162-1459},
    pmid = {17777913},
    arxivId = {arXiv:1011.1669v3},
    keywords = {Computer graphics, Psychophysics.}
}

@article{Kairam2012,
    title = {{GraphPrism: compact visualization of network structure}},
    year = {2012},
    journal = {Proc. AVI},
    author = {Kairam, Sanjay and MacLean, Diana and Savva, Manolis and Heer, Jeffrey},
    url = {http://dl.acm.org/citation.cfm?doid=2254556.2254651},
    isbn = {9781450312875},
    doi = {10.1145/2254556.2254651},
    keywords = {graph visualization, network analysis, scalability}
}

@article{Dunne2012,
    title = {{GraphTrail: analyzing large multivariate, heterogeneous networks while supporting exploration history}},
    year = {2012},
    journal = {CHI, Human Factors in Computing Systems},
    author = {Dunne, Cody and Henry Riche, Nathalie and Lee, Bongshin and Metoyer, Ronald and Robertson, George},
    pages = {1663--1663},
    url = {http://dl.acm.org/citation.cfm?id=2208276.2208293},
    isbn = {978-1-4503-1015-4},
    doi = {10.1145/2208276.2208293},
    keywords = {analytic provenance, data aggregation, exploration history, network visualization, visual analytics}
}

@inproceedings{Isenberg2008,
    title = {{Grounded Evaluation of Information Visualization}},
    year = {2008},
    booktitle = {Proceedings of the 2008 conference on BEyond time and errors novel evaLuation methods for Information Visualization - BELIV '08},
    author = {Isenberg, Petra and Zuk, Torre and Collins, Christopher and Carpendale, Sheelagh},
    pages = {1},
    publisher = {ACM Press},
    url = {http://portal.acm.org/citation.cfm?doid=1377966.1377974},
    address = {New York, New York, USA},
    isbn = {9781605580166},
    doi = {10.1145/1377966.1377974},
    keywords = {evaluation, information visualization}
}

@article{Matin1986,
    title = {{Grounded Theory and Organizational Research}},
    year = {1986},
    journal = {The Journal of Applied Behavioural Science},
    author = {Matin, Patricia Yancey and Turner, Barry A.},
    number = {2},
    volume = {22}
}

@article{Corbin1990,
    title = {{Grounded theory research: procedures, canons, and evaluative critera}},
    year = {1990},
    journal = {Qualitative Sociology},
    author = {Corbin, Juliet and Strauss, Anselm},
    number = {1},
    volume = {13}
}

@book{Sawyer2003,
    title = {{Group Creativity: Music, Theater, Collaboration}},
    year = {2003},
    author = {Sawyer, Keith R.},
    publisher = {Lawrence Erlbaum Associates},
    address = {Mahwah, New Jersey}
}

@article{Adar2006,
    title = {{GUESS: A Language and Interface for Graph Exploration}},
    year = {2006},
    journal = {Proc. CHI},
    author = {Adar, Eytan},
    pages = {791--800},
    isbn = {1595931783},
    doi = {10.1145/1124772.1124889},
    issn = {1-59593-372-7},
    keywords = {graphs, visualization}
}

@inproceedings{Baldonado2000,
    title = {{Guidelines for using multiple views in information visualization}},
    year = {2000},
    booktitle = {AVI '00 Proceedings of the Working Conference on Advanced Visual Interfaces},
    author = {Baldonado, Michelle Q Wang and Woodfruss, Allison and Kuchinsky, Allan},
    pages = {110 - 119},
    url = {http://dl.acm.org/citation.cfm?id=345271},
    doi = {10.1145/345513.345271}
}

@book{Sernberg1999,
    title = {{Handbook of creativity}},
    year = {1999},
    booktitle = {Cambridge University Press},
    author = {Sternberg, Robert J},
    publisher = {Cambridge University Press},
    url = {http://books.google.com/books?hl=en&lr=&id=d1KTEQpQ6vsC&pgis=1},
    address = {Cambridge, UK},
    isbn = {0521576040},
    doi = {http://ebooks.cambridge.org/ebook.jsf?bid=CBO9780511763205},
    issn = {52157604},
    pmid = {1199413},
    keywords = {Mumford}
}

@inproceedings{VanHam2009,
    title = {{Honeycomb: Visual Analysis of Large Scale Social Networks}},
    year = {2009},
    booktitle = {Proc. Interact},
    author = {van Ham, Frank and Schulz, Hans-jörg and Dimicco, Joan M},
    doi = {10.1007/978-3-642-03658-3{\_}47}
}

@article{Tao2017,
    title = {{HoNVis: Visualizing and Exploring Higher-Order Networks}},
    year = {2017},
    author = {Tao, Jun and Xu, Jian and Wang, Chaoli and Chawla, Nitesh V.},
    url = {http://arxiv.org/abs/1702.00737},
    arxivId = {1702.00737}
}

@article{Tory2004a,
    title = {{Human factors in visualization research}},
    year = {2004},
    journal = {IEEE Transactions on Visualization and Computer Graphics},
    author = {Tory, Melanie and Moller, Torsten},
    number = {1},
    volume = {10}
}

@article{Lloyd2011,
    title = {{Human-centered approaches in geovisualization design: investigating multiple methods through a long-term case study}},
    year = {2011},
    journal = {IEEE Transactions on Visualization and Computer Graphics},
    author = {Lloyd, David and Dykes, Jason},
    number = {12},
    volume = {17}
}

@article{Wang2004,
    title = {{Image quality assessment: From error visibility to structural similarity}},
    year = {2004},
    journal = {IEEE Transactions on Image Processing},
    author = {Wang, Zhou and Bovik, Alan Conrad and Sheikh, Hamid Rahim and Simoncelli, Eero P.},
    number = {4},
    pages = {600--612},
    volume = {13},
    isbn = {9781439829356},
    doi = {10.1109/TIP.2003.819861},
    issn = {10577149},
    pmid = {15376593},
    keywords = {Error sensitivity, Human visual system (HVS), Image coding, Image quality assessment, JPEG, JPEG2000, Perceptual quality, Structural information, Structural similarity (SSIM)}
}

@article{Sanders2005,
    title = {{Information , Inspiration and Co-creation}},
    year = {2005},
    journal = {The 6th International Conference of the European Academy of Design},
    author = {Sanders, Elizabeth B},
    pages = {29--31},
    keywords = {co-creation, collective creativity, design research, experience, experiential research, generative research, inspiration, prototype, research in design practice, the landscape of human-centered, today}
}

@article{Keim2002,
    title = {{Information Visualization and Data Mining}},
    year = {2002},
    journal = {IEEE Transactions on Visualization and Computer Graphics},
    author = {Keim, D.a.},
    number = {1},
    pages = {1--8},
    volume = {8},
    url = {http://ieeexplore.ieee.org/lpdocs/epic03/wrapper.htm?arnumber=981847},
    doi = {10.1109/2945.981847},
    issn = {10772626},
    keywords = {be effective, benefits of visual data, classification, exploration, for data mining to, include, information visualization, ing, it is important to, visual data exploration, visual data min-}
}

@book{Hohmann2007,
    title = {{Innovation Games: Creating Breakthrough Products Through Collaborative Play}},
    year = {2007},
    author = {Hohmann, L},
    publisher = {Addison-Wesley},
    address = {Boston, MA}
}

@inproceedings{Maiden2004,
    title = {{Integrating creativity workshops into structured requirements processes}},
    year = {2004},
    booktitle = {Designing Interactive Systems},
    author = {Maiden, Neil and Manning, Sharon and Robertson, Suzanne and Greenwood, John},
    url = {http://dl.acm.org/citation.cfm?id=1013132},
    isbn = {1581137877},
    doi = {10.1145/1013115.1013132},
    issn = {<null>}
}

@article{Perer2008,
    title = {{Integrating Statistics and Visualization: Case Studies of Gaining Clarity during Exploratory Data Analysis}},
    year = {2008},
    journal = {CHI, Human Factors in Computing Systems},
    author = {Perer, Adam and Shneiderman, Ben},
    pages = {265},
    url = {http://dl.acm.org/citation.cfm?id=1357054.1357101},
    isbn = {9781605580111},
    doi = {10.1145/1357054.1357101},
    keywords = {case studies, evaluation, exploratory data analysis, information visualization, social networks, statistics}
}

@article{Keefe2009,
    title = {{Interactive coordinated multiple-view visualization of biomechanical motion data}},
    year = {2009},
    journal = {IEEE Transactions on Visualization and Computer Graphics},
    author = {Keefe, Daniel F and Ewert, Marcus and Ribarsky, William and Chang, Remco},
    number = {6},
    volume = {15},
    url = {http://www.ncbi.nlm.nih.gov/pubmed/19834212},
    doi = {10.1109/TVCG.2009.152},
    issn = {1077-2626},
    keywords = {Biomechanical Phenomena, Biomechanical Phenomena: physiology, Bone and Bones, Computational Biology, Computational Biology: methods, Computer Graphics, Computer-Assisted, Computer-Assisted: methods, Databases, Factual, Fluoroscopy, Image Processing, Movement}
}

@inproceedings{Buja1991,
    title = {{Interactive Data Visualization Using Focusing and Linking}},
    year = {1991},
    booktitle = {Proceedings of the 2Nd Conference on Visualization '91},
    author = {Buja, Andreas and McDonald, John Alan Michalak, John and Stuetzle, Werner},
    pages = {156--163},
    url = {http://dl.acm.org/citation.cfm?id=949607.949633},
    doi = {10.1109/VISUAL.1991.175794}
}

@inproceedings{Doleisch2003,
    title = {{Interactive Feature Specification for Focus + Context Visualization of Complex Simulation Data}},
    year = {2003},
    booktitle = {EUROGRAPHICS - IEEE TCVG Symposium on Visualization},
    author = {Doleisch, Helmut and Gasser, Martin and Hauser, Helwig}
}

@article{Piringer2004,
    title = {{Interactive focus+ context visualization with linked 2D/3D scatterplots}},
    year = {2004},
    journal = {Proceedings. Second International Conference on Coordinated and Multiple Views in Exploratory Visualization, 2004.},
    author = {Piringer, H. and Kosara, R. and Hauser, H.},
    pages = {49--60},
    publisher = {Ieee},
    url = {http://ieeexplore.ieee.org/lpdocs/epic03/wrapper.htm?arnumber=1319526},
    isbn = {0-7695-2179-7},
    doi = {10.1109/CMV.2004.1319526},
    keywords = {brushing, linked views, scatterplots}
}

@inproceedings{Perin2013,
    title = {{Interactive Horizon Graphs : Improving the Compact Visualization of Multiple Time Series}},
    year = {2013},
    booktitle = {CHI '13 Proceedings of the SIGCHI Conference on Human Factors in Computing Systems},
    author = {Perin, Charles},
    pages = {3217--3226},
    isbn = {9781450318990},
    doi = {10.1145/2470654.2466441}
}

@incollection{Wyman2007,
    title = {{Interactive Refractions and Caustics Using Image-Space Techniques}},
    year = {2007},
    booktitle = {Shader X5: Advanced Rendering Technique},
    author = {Wyman, Chris},
    pages = {359--371},
    isbn = {1-58450-499-4}
}

@article{Oeltze2007,
    title = {{Interactive visual analysis of perfusion data.}},
    year = {2007},
    journal = {IEEE transactions on visualization and computer graphics},
    author = {Oeltze, Steffen and Doleisch, Helmut and Hauser, Helwig and Muigg, Philipp and Preim, Bernhard},
    number = {6},
    pages = {1392--9},
    volume = {13},
    url = {http://www.ncbi.nlm.nih.gov/pubmed/17968089},
    doi = {10.1109/TVCG.2007.70569},
    issn = {1077-2626},
    pmid = {17968089},
    keywords = {Blood Flow Velocity, Blood Flow Velocity: physiology, Blood Vessels, Blood Vessels: physiology, Cardiovascular, Computer Graphics, Computer Simulation, Databases, Factual, Humans, Models, Rheology, Rheology: methods, User-Computer Interface}
}

@inproceedings{Oeltze2013,
    title = {{Interactive Visual Analysis of Scientiﬁc Data}},
    year = {2013},
    booktitle = {IEEE Vis ’13 Tutorials},
    author = {Oeltze, Steffen and Hauser, Helwig and Kehrer, Johannes},
    url = {http://www.vismd.de/doku.php?id=teaching_tutorials:start}
}

@inproceedings{Blaas2007,
    title = {{Interactive Visualization of Multi-Field Medical Data Using Linked Physical and Feature-Space Views.}},
    year = {2007},
    booktitle = {EUROVIS'07 Proceedings of the Ninth Joint Eurographics / IEEE VGTC conference on Visualization},
    author = {Blaas, Jorik and Botha, CP and Post, FH},
    pages = {123 - 130},
    url = {http://charlbotha.com/wp-content/papercite-data/pdf/blaas_interactive_2007.pdf},
    doi = {10.2312/VisSym/EuroVis07/123-130}
}

@article{Dul2011,
    title = {{Knowledge workers' creativity and the role of the physical work environment}},
    year = {2011},
    journal = {Human Resource Management},
    author = {Dul, Jan and Ceylan, Canan and Jaspers, Ferdinand},
    number = {6},
    month = {11},
    pages = {715--734},
    volume = {50},
    url = {http://www.pdkintl.org/kappan/kbla9810.htm http://doi.wiley.com/10.1002/hrm.20454},
    isbn = {9780708713815},
    doi = {10.1002/hrm.20454},
    issn = {00904848},
    pmid = {21138203},
    keywords = {creativity, human resource management, sme, work environment}
}

@book{DeBono1983,
    title = {{Lateral Thinking For Management}},
    year = {1983},
    author = {de Bono, Edward},
    publisher = {Pelican Books},
    address = {Middlesex, England}
}

@article{Ruhland2009,
    title = {{LibViz: Data Visualisation of the Old Library}},
    year = {2009},
    journal = {International Journal of Architectural Computing},
    author = {Ruhland, Kerstin and Sedlmair, Michael and Bioletti, Susan and O'Sullivan, Carol},
    number = {1},
    pages = {177 - 192},
    volume = {7}
}

@inproceedings{Graells2012,
    title = {{Lin-spiration: using a mixture of spiral and linear visualization layouts to explore time series}},
    year = {2012},
    booktitle = {IUI '12 Proceedings of the 2012 ACM international conference on Intelligent User Interfaces},
    author = {Graells, Eduardo and Jaimes, Alejandro},
    pages = {237--240},
    url = {http://dl.acm.org/citation.cfm?id=2167006},
    isbn = {9781450310482},
    doi = {10.1145/2166966.2167006}
}

@article{Nobre2017,
    title = {{Lineage: visualizing multivariate clinical data in genealogy graphs}},
    year = {2017},
    journal = {bioRxiv Preprint},
    author = {Nobre, Carolina and Gehlenborg, Nils and Coon, Hilary and Lex, Alexander}
}

@article{Amar2005,
    title = {{Low-level components of analytic activity in information visualization}},
    year = {2005},
    journal = {Proceedings - IEEE Symposium on Information Visualization, INFO VIS},
    author = {Amar, Robert and Eagan, James and Stasko, John},
    pages = {111--117},
    isbn = {078039464X},
    doi = {10.1109/INFVIS.2005.1532136},
    issn = {1522404X},
    keywords = {Analytic activity, Design, Evaluation, Knowledge discovery, Taxonomy}
}

@article{Behrisch2016,
    title = {{Magnostics: Image-based Search of Interesting Matrix Views for Guided Network Exploration}},
    year = {2016},
    journal = {IEEE Transactions on Visualization and Computer Graphics},
    author = {Behrisch, Michael and Bach, Benjamin and Hund, Michael and Delz, Michael and von Ruden, Laura and Fekete, Jean-Daniel and Schreck, Tobias},
    pages = {1--1},
    url = {http://ieeexplore.ieee.org/lpdocs/epic03/wrapper.htm?arnumber=7534849},
    doi = {10.1109/TVCG.2016.2598467},
    issn = {1077-2626},
    keywords = {Feature Detection/Selection, Index Terms—Matrix Visualization, Quality Metrics, Relational Data, Visual Quality Measures}
}

@article{Havran2002,
    title = {{Mailboxing, yea or nay?}},
    year = {2002},
    journal = {Ray Tracing News},
    author = {Havran, Vlastimil},
    number = {1},
    volume = {15}
}

@article{Yang2016,
    title = {{Many-to-many geographically-embedded flow visualisation: an evaluation}},
    year = {2016},
    journal = {IEEE TVCG},
    author = {Yang, Yalong and Dwyer, Tim and Goodwin, Sarah and Marriott, Kim},
    number = {1},
    volume = {23},
    url = {http://ieeexplore.ieee.org/lpdocs/epic03/wrapper.htm?arnumber=7539669},
    doi = {10.1109/TVCG.2016.2598885},
    issn = {1077-2626}
}

@article{Freire2010,
    title = {{ManyNets: an interface for multiple network analysis and visualization}},
    year = {2010},
    journal = {Conference on Human Factors in Computing Systems},
    author = {Freire, Manuel and Plaisant, Catherine and Shneiderman, Ben and Golbeck, Jen},
    pages = {213--222},
    url = {http://portal.acm.org/citation.cfm?id=1753326.1753358},
    isbn = {978-1-60558-929-9},
    doi = {10.1145/1753326.1753358}
}

@article{Beck2013,
    title = {{Matching application requirements with dynamic graph visualization profiles}},
    year = {2013},
    journal = {Proceedings of the International Conference on Information Visualisation},
    author = {Beck, Fabian and Burch, Michael and Diehl, Stephan},
    pages = {11--18},
    volume = {304},
    isbn = {9780769550497},
    doi = {10.1109/IV.2013.2},
    issn = {10939547},
    keywords = {Aesthetic criteria, Dynamic graph visualization, Requirements}
}

@inproceedings{Henry2007,
    title = {{MatLink: enhanced matrix visualization for analyzing social networks}},
    year = {2007},
    booktitle = {Proc. Interact},
    author = {Henry, Nathalie and Fekete, Jean-daniel},
    doi = {10.1007/978-3-540-74800-7{\_}24},
    keywords = {matrix visualization, node-link diagram, social network}
}

@article{Watson2008,
    title = {{Matrix depictions for large layered graphs}},
    year = {2008},
    author = {Watson, B A and Brink, D and Stallman, M and Devajaran, R and Rakow, M and Rhyne, T M and Patel, H},
    pages = {1--12},
    keywords = {graph{\_}visualization, hierarchical{\_}graph{\_}layout, matrix}
}

@article{Behrisch2016a,
    title = {{Matrix reordering methods for table and network visualization}},
    year = {2016},
    journal = {CGF},
    author = {Behrisch, Michael and Bach, Benjamin and Henry Riche, Nathalie and Schreck, Tobias and Fekete, Jean Daniel},
    number = {3},
    volume = {35},
    doi = {10.1111/cgf.12935},
    keywords = {Categories and Subject Descriptors (according to A, Visualization [Human-centered computing]: Visualiz}
}

@article{Henry2006,
    title = {{MatrixExplorer: a dual-representation system to explore social networks.}},
    year = {2006},
    journal = {IEEE Trans. on Vis. and Comp. Graphics},
    author = {Henry, Nathalie and Fekete, Jean-Daniel},
    number = {5},
    volume = {12},
    doi = {10.1109/TVCG.2006.160},
    keywords = {Algorithms, Biological, Cluster Analysis, Computer Graphics, Computer Simulation, Information Storage and Retrieval, Information Storage and Retrieval: methods, Models, Population Dynamics, Social Behavior, Social Support, Software, User-Computer Interface}
}

@article{Perer2012,
    title = {{MatrixFlow : Temporal Network Visual Analytics to Track Symptom Evolution during Disease Progression}},
    year = {2012},
    journal = {Proceedings / AMIA ... Annual Symposium. AMIA Symposium},
    author = {Perer, Adam and Sun, Jimeng},
    pages = {716--725},
    volume = {2012},
    issn = {1942-597X},
    pmid = {23304345}
}

@book{Wang2006,
    title = {{Modern Image Quality Assessment}},
    year = {2006},
    booktitle = {Synthesis Lectures on Image, Video, and Multimedia Processing},
    author = {Wang, Zhou and Bovik, Alan C.},
    number = {1},
    pages = {1--156},
    volume = {2},
    url = {http://www.morganclaypool.com/doi/abs/10.2200/S00010ED1V01Y200508IVM003},
    isbn = {1598290223},
    doi = {10.2200/S00010ED1V01Y200508IVM003},
    issn = {1559-8136},
    keywords = {Computational vision, Computer vision, Image quality assessment, Perceptual image processing, Visual perception}
}

@inproceedings{Reshetov2009,
    title = {{Morphological antialiasing}},
    year = {2009},
    booktitle = {ACM SIGGRAPH Symposium on High Performance Graphics (HPG '09)},
    author = {Reshetov, Alexander},
    url = {http://dl.acm.org/citation.cfm?id=1572787},
    keywords = {antialiasing, image enhancement, morphological analysis}
}

@inproceedings{Sedlmair2009a,
    title = {{MostVis: An Interactive Visualization Supporting Automotive Engineers in MOST Catalog Exploration}},
    year = {2009},
    booktitle = {IEEE Conference Information Visualisation},
    author = {Sedlmair, Michael and Bernhold, Christian and Herrscher, Daniel and Boring, Sebastian and Butz, Andreas},
    month = {7},
    url = {http://ieeexplore.ieee.org/lpdocs/epic03/wrapper.htm?arnumber=5190770},
    isbn = {9780769537337},
    doi = {10.1109/IV.2009.95},
    keywords = {automotive engineers of in-car, communication net-, in-car communication, many spe-, most, requirements, special target groups, the integration of specific, these, visualization, works are one of}
}

@article{Dunne2013,
    title = {{Motif Simplification: Improving Network Visualization Readability with Fan, Connector, and Clique Glyphs}},
    year = {2013},
    journal = {Proc. CHI},
    author = {Dunne, Cody and Shneiderman, Ben},
    pages = {3247--3256},
    url = {http://dl.acm.org/citation.cfm?id=2466444&CFID=327519032&CFTOKEN=28595388},
    isbn = {9781450318990},
    doi = {10.1145/2470654.2466444},
    keywords = {Motif simplification, graph drawing, network visualization, node-link diagram, visual analytics}
}

@article{Wood2014,
    title = {{Moving beyond sequential design : Reflections on a rich multi-channel approach to data visualization}},
    year = {2014},
    journal = {IEEE Transactions on Visualization and Computer Graphics},
    author = {Wood, Jo and Beecham, Roger and Dykes, Jason},
    number = {12},
    volume = {20},
    url = {http://openaccess.city.ac.uk/3839/}
}

@article{Meyer2010,
    title = {{MulteeSum: a Tool for Comparative Spatial and Temporal Gene Expression Data}},
    year = {2010},
    journal = {IEEE Transactions on Visualization and Computer Graphics},
    author = {Meyer, Miriah and Munzner, Tamara and DePace, Angela and Pfister, Hanspeter},
    number = {6},
    volume = {16},
    url = {http://www.ncbi.nlm.nih.gov/pubmed/20975127},
    isbn = {3332220004},
    doi = {10.1109/TVCG.2010.137},
    issn = {1077-2626},
    pmid = {20975127},
    keywords = {Animals, Computer Graphics, Developmental, Drosophila, Drosophila: embryology, Drosophila: genetics, Gene Expression Profiling, Gene Expression Profiling: statistics {\&} numerical, Gene Expression Regulation, Genes, Insect}
}

@article{Gribble2014,
    title = {{Multi-hit ray traversal}},
    year = {2014},
    journal = {Journal of Computer Graphics Techniques},
    author = {Gribble, Christiaan and Naveros, Alexis and Kerzner, Ethan},
    number = {1},
    volume = {3}
}

@article{VandenElzen2014,
    title = {{Multivariate network exploration and presentation: from detail to overview via selections and aggregations}},
    year = {2014},
    journal = {IEEE TVCG},
    author = {van den Elzen, Stef and van Wijk, Jarke J.},
    number = {12},
    volume = {20},
    doi = {10.1109/TVCG.2014.2346441}
}

@book{Kerren2014,
    title = {{Multivariate Network Visualization}},
    year = {2014},
    editor = {Kerren, Andreas and Purchase, Helen C. and Ward, Matthew O.},
    publisher = {Springer International Pub.},
    doi = {10.1007/978-3-319-06793-3}
}

@article{Neo2016,
    title = {{Neo4j Graph Database}},
    year = {2016},
    journal = {http://neo4j.com/}
}

@book{Barabasi2016,
    title = {{Network Science}},
    year = {2016},
    author = {Barabasi, Albert-Laszlo},
    publisher = {Cambridge University Press}
}

@article{Shneiderman2006a,
    title = {{Network visualization by meaningful substrates}},
    year = {2006},
    journal = {IEEE TVCG},
    author = {Shneiderman, B. and Aris, A.},
    number = {5},
    volume = {12},
    doi = {10.1109/TVCG.2006.166},
    issn = {1077-2626}
}

@article{Al-Awami2014,
    title = {{NeuroLines: A Subway Map Metaphor for Visualizing Nanoscale Neuronal Connectivity}},
    year = {2014},
    journal = {IEEE Transactions on Visualization and Computer Graphics},
    author = {Al-Awami, Ali K. and Beyer, Johanna and Strobelt, Hendrik and Kasthuri, Narayanan and Lichtman, Jeff W. and Pfister, Hanspeter and Hadwiger, Markus},
    number = {12},
    month = {12},
    pages = {2369--2378},
    volume = {20},
    url = {http://ieeexplore.ieee.org/lpdocs/epic03/wrapper.htm?arnumber=6875935},
    doi = {10.1109/TVCG.2014.2346312},
    issn = {1077-2626}
}

@article{Henry2007a,
    title = {{NodeTrix: A hybrid visualization of social networks}},
    year = {2007},
    journal = {IEEE Trans. on Vis. and Comp. Graphics},
    author = {Henry, Nathalie and Fekete, Jean Daniel and McGuffin, Michael J.},
    number = {6},
    volume = {13},
    doi = {10.1109/TVCG.2007.70582},
    keywords = {Aggregation, Hybrid visualization, Interaction, Matrix visualization, Network visualization}
}

@article{Ghoniem2005,
    title = {{On the readability of graphs using node-link and matrix-based representations: a controlled experiment and statistical analysis}},
    year = {2005},
    journal = {Information Visualization},
    author = {Ghoniem, Mohammad},
    number = {2},
    volume = {4},
    doi = {10.1057/palgrave.ivs.9500092},
    issn = {1473-8716},
    keywords = {adjacency matrices, node-link representation, read-, visualization of graphs}
}

@article{Moere2011,
    title = {{On the role of design in information visualization}},
    year = {2011},
    journal = {Information Visualization},
    author = {Moere, A. V. and Purchase, H.},
    number = {4},
    pages = {356--371},
    volume = {10},
    isbn = {1473871611},
    doi = {10.1177/1473871611415996},
    issn = {1473-8716},
    arxivId = {0809.0884},
    keywords = {aesthetics, case studies, design, design studies, visualization}
}

@article{Heer2011,
    title = {{Orion: A system for modeling, transformation and visualization of multidimensional heterogeneous networks}},
    year = {2011},
    journal = {VAST 2011 - IEEE Conference on Visual Analytics Science and Technology 2011, Proceedings},
    author = {Heer, Jeffrey and Perer, Adam},
    pages = {51--60},
    isbn = {9781467300131},
    doi = {10.1109/VAST.2011.6102441},
    issn = {1473-8716},
    keywords = {data management, data transformation, end-user programming, graphs, social network analysis, visualization}
}

@article{Heer2011a,
    title = {{Orion: A system for modeling, transformation and visualization of multidimensional heterogeneous networks}},
    year = {2011},
    journal = {VAST 2011 - IEEE Conference on Visual Analytics Science and Technology 2011, Proceedings},
    author = {Heer, Jeffrey and Perer, Adam},
    number = {2},
    pages = {51--60},
    volume = {13},
    isbn = {9781467300131},
    doi = {10.1109/VAST.2011.6102441},
    issn = {1473-8716},
    keywords = {data management, data transformation, end-user programming, graphs, social network analysis, visualization}
}

@article{Dow2010,
    title = {{Parallel Prototyping Leads to Better Design Results, More Divergence, and Increased Self-Efficacy}},
    year = {2010},
    journal = {ACM Transactions on Computer-Human Interaction},
    author = {Dow, Steven P. and Glassco, Alana and Kass, Jonathan and Schwarz, Melissa and Schwartz, Daniel L. and Klemmer, Scott R.},
    number = {4},
    volume = {17}
}

@article{Muller1993,
    title = {{Participatory design}},
    year = {1993},
    journal = {Communications of the ACM},
    author = {Muller, Michael J. and Kuhn, Sarah},
    number = {6},
    volume = {36}
}

@article{Muller1993a,
    title = {{Participatory design}},
    year = {1993},
    journal = {Communications of the ACM},
    author = {Muller, MJ Michael J. and Kuhn, Sarah},
    number = {6},
    pages = {24--28},
    volume = {36},
    url = {http://portal.acm.org/citation.cfm?id=153571.255960&coll=ACM&dl=ACM&CFID=86979473&CFTOKEN=59738617%5Cnhttp://portal.acm.org/ft_gateway.cfm?id=255960&type=pdf&coll=ACM&dl=ACM&CFID=86979473&CFTOKEN=59738617%5Cnhttp://dl.acm.org/citation.cfm?id=255960},
    isbn = {0805809511},
    doi = {10.1145/153571.255960},
    issn = {00010782}
}

@article{Shen2007,
    title = {{Path visualization for adjacency matrices}},
    year = {2007},
    journal = {Proc. EuroVis},
    author = {Shen, Zeqian and Ma, Kwan-liu},
    isbn = {978-3-905673-45-6},
    doi = {10.2312/VisSym/EuroVis07/083-090},
    issn = {3905673452}
}

@article{Partl2016,
    title = {{Pathfinder: visual analysis of paths in graphs}},
    year = {2016},
    journal = {CGF},
    author = {Partl, C. and Gratzl, S. and Streit, M. and Wassermann, A. M. and Pfister, H. and Schmalstieg, D. and Lex, A.},
    number = {3},
    volume = {35},
    doi = {10.1111/cgf.12883},
    issn = {14678659},
    keywords = {Categories and Subject Descriptors (according to A, H.5.2 [Information Systems]: Information Interface}
}

@article{Meyer2010a,
    title = {{Pathline: A tool for comparative functional genomics}},
    year = {2010},
    journal = {Computer Graphics Forum},
    author = {Meyer, M. and Wong, B.},
    number = {3},
    month = {8},
    pages = {1043--1052},
    volume = {29},
    url = {http://doi.wiley.com/10.1111/j.1467-8659.2009.01710.x http://onlinelibrary.wiley.com/doi/10.1111/j.1467-8659.2009.01710.x/full},
    doi = {10.1111/j.1467-8659.2009.01710.x},
    issn = {01677055}
}

@article{Elmqvist2013,
    title = {{Patterns for visualization evaluation}},
    year = {2013},
    journal = {Information Visualization},
    author = {Elmqvist, Niklas and Yi, Ji Soo},
    month = {12},
    pages = {1--22},
    url = {http://ivi.sagepub.com/lookup/doi/10.1177/1473871613513228},
    doi = {10.1177/1473871613513228},
    issn = {1473-8716},
    keywords = {best practices, evaluation, pattern language, patterns, validation, visualization}
}

@article{Isaksen2001,
    title = {{Perceptions of the Best and Worst Climates for Creativity: Preliminary Validation Evidence for the Situational Outlook Questionnaire}},
    year = {2001},
    journal = {Creativity Research Journal},
    author = {Isaksen, Scott G and Lauer, Kenneth J and Ekvall, Goran and Britz, Alexander},
    number = {2},
    pages = {171--184},
    volume = {13},
    url = {http://dx.doi.org/10.1207/S15326934CRJ1302_5},
    isbn = {1040-0419},
    doi = {10.1207/S15326934CRJ1302{\_}5},
    issn = {1040-0419},
    pmid = {4897077}
}

@inproceedings{Stokes2004,
    title = {{Perceptual illumination components: a new approach to efficient, high quality global illumination rendering}},
    year = {2004},
    booktitle = {SIGGRAPH '04},
    author = {Stokes, WA and Ferwerda, JA},
    number = {1},
    pages = {742--749},
    doi = {10.1145/1186562.1015795},
    keywords = {global illumination, perception, reflection components}
}

@article{Bojrab2013,
    title = {{Perceptual importance of lighting phenomena in rendering of animated water}},
    year = {2013},
    journal = {ACM Transactions on Applied Perception},
    author = {Bojrab, Micah and Abdul-Massih, Michel and Benes, Bedrich},
    number = {1},
    volume = {10},
    doi = {10.1145/2422105.2422107}
}

@article{Yu2009,
    title = {{Perceptual influence of approximate visibility in indirect illumination}},
    year = {2009},
    journal = {ACM Transactions on Applied Perception},
    author = {Yu, Insu and Cox, Andrew and Kim, Min H. and Ritschel, Toabias and Grosch, Thorsten and Dachsbacher, Carsten and Kautz, Jan},
    number = {4},
    month = {9},
    pages = {1--14},
    volume = {6},
    doi = {10.1145/1609967.1609971},
    issn = {15443558},
    keywords = {global illumination, perception, visibility}
}

@article{Lin2011,
    title = {{Perceptual visual quality metrics: A survey}},
    year = {2011},
    journal = {Journal of Visual Communication and Image Representation},
    author = {Lin, Weisi and Jay Kuo, C. C.},
    number = {4},
    pages = {297--312},
    volume = {22},
    publisher = {Elsevier Inc.},
    url = {http://dx.doi.org/10.1016/j.jvcir.2011.01.005},
    isbn = {1047-3203},
    doi = {10.1016/j.jvcir.2011.01.005},
    issn = {10473203},
    keywords = {Common feature and artifact detection, Full reference, Human visual system (HVS), Just-noticeable distortion, No reference, Reduced reference, Signal decomposition, Signal-driven model, Vision-based model, Visual attention}
}

@book{Polanyi1974,
    title = {{Personal Knowledge}},
    year = {1974},
    author = {Polanyi, Michael},
    pages = {428},
    publisher = {University of Chicago Press}
}

@book{Pharr2010,
    title = {{Physically Based Rendering: From Theory to Implementation}},
    year = {2010},
    author = {Pharr, Matt and Humphreys, Greg},
    publisher = {Morgan Kaufmann},
    isbn = {978-0123750792}
}

@article{Yang2013,
    title = {{Physics-based deformable tongue visualization}},
    year = {2013},
    journal = {IEEE transactions on visualization and computer graphics},
    author = {Yang, Yin and Guo, Xiaohu and Vick, Jennell},
    number = {10},
    pages = {1--13},
    volume = {19},
    url = {http://ieeexplore.ieee.org/xpls/abs_all.jsp?arnumber=6280549},
    isbn = {2011080185}
}

@article{McCurdy2016,
    title = {{Poemage: Visualizing the Sonic Topology of a Poem}},
    year = {2016},
    journal = {IEEE Transactions on Visualization and Computer Graphics},
    author = {McCurdy, Nina and Lein, Julie and Coles, Katharine and Meyer, Miriah},
    number = {1},
    pages = {439--448},
    volume = {22},
    isbn = {1077-2626},
    doi = {10.1109/TVCG.2015.2467811},
    issn = {10772626},
    pmid = {26529714},
    keywords = {Context, Data visualization, Pragmatics, Probes, Stress, Topology, Visualization}
}

@article{Bagrow2007,
    title = {{Portraits of complex networks}},
    year = {2007},
    journal = {Europhysics Letters},
    author = {Bagrow, J. P. and Bollt, E. M. and Skufca, J. D. and Ben-Avraham, D.},
    number = {6},
    volume = {81},
    isbn = {0295-5075},
    doi = {10.1209/0295-5075/81/68004},
    issn = {0295-5075},
    keywords = {Disordered Systems and Neural Networks}
}

@inproceedings{Brehmer2014,
    title = {{Pre-design empiricism for information visualization}},
    year = {2014},
    booktitle = {Proceedings of Beyond Time and Errors Novel Evaluation Methods for Visualization - BELIV},
    author = {Brehmer, Matthew and Carpendale, Sheelagh and Lee, Bongshin and Tory, Melanie},
    url = {http://dl.acm.org/citation.cfm?id=2669557.2669564},
    isbn = {9781450332095},
    doi = {10.1145/2669557.2669564},
    keywords = {applied visualization design, empirical research}
}

@article{Sanders2014,
    title = {{Probes, toolkits and prototypes: three approaches to making in codesigning}},
    year = {2014},
    journal = {Codesign-International Journal of Cocreation in Design and the Arts},
    author = {Sanders, Elizabeth B -N. and Stappers, Pieter Jan},
    number = {1},
    volume = {10},
    isbn = {0123743281 (pbk. alk. paper){\textbackslash}r9780123743282 (pbk. alk. paper)},
    doi = {10.1080/15710882.2014.888183},
    issn = {1571-0882},
    pmid = {15302558},
    keywords = {codesign, generative toolkits, pro, service design}
}

@incollection{Plucker1999,
    title = {{Psychometrics approaches to the study of human creativity}},
    year = {1999},
    booktitle = {Handbook of Creativity},
    author = {Plucker, Jonathan A. and Renzulli, Joseph S.},
    editor = {{Robert J. Sternberg}},
    publisher = {Cambridge University Press},
    address = {Cambridge, UK}
}

@article{Alsallakh2013,
    title = {{Radial sets: interactive visual analysis of large overlapping sets.}},
    year = {2013},
    journal = {IEEE transactions on visualization and computer graphics},
    author = {Alsallakh, Bilal and Aigner, Wolfgang and Miksch, Silvia and Hauser, Helwig},
    number = {12},
    month = {12},
    pages = {2496--505},
    volume = {19},
    url = {http://www.ncbi.nlm.nih.gov/pubmed/24051816},
    doi = {10.1109/TVCG.2013.184},
    issn = {1941-0506},
    pmid = {24051816}
}

@article{Borland2007,
    title = {{Rainbow Color Map (Still) Considered Harmful}},
    year = {2007},
    journal = {IEEE Computer Graphics and Applications},
    author = {Borland, David and II, Russell M. Taylor},
    number = {2},
    pages = {14--17},
    volume = {27},
    doi = {10.1109/MCG.2007.323435}
}

@article{Aleman-Meza2005,
    title = {{Ranking complex relationships on the semantic web}},
    year = {2005},
    journal = {IEEE Internet Comp.},
    author = {Aleman-Meza, Boanerges and Halaschek-Wiener, Christian and Arpinar, I. Budak and Ramakrishnan, Cartic and Sheth, Amit P.},
    number = {3},
    volume = {9},
    doi = {10.1109/MIC.2005.63},
    issn = {10897801},
    keywords = {3, 3 information search and, Information Search and Retrieval, Metadata, XML/X, h, retrieval}
}

@inproceedings{Wald2006,
    title = {{Ray tracing animated scenes using coherent grid traversal}},
    year = {2006},
    booktitle = {SIGGRAPH '06},
    author = {Wald, Ingo and Ize, Thiago and Kensler, Andrew and Knoll, Aaron and Parker, Steven G.},
    pages = {485--493},
    doi = {10.1145/1179352.1141913}
}

@inproceedings{Shevtsov2007,
    title = {{Ray-Triangle Intersection Algorithm for Modern CPU Architectures}},
    year = {2007},
    booktitle = {GraphicCon 2007},
    author = {Shevtsov, Maxim and Soupikov, Alexi and Kapustin, Alexander},
    pages = {33--39},
    doi = {10.1.1.189.5084}
}

@article{Heitz2016,
    title = {{Real-Time Polygonal-Light Shading with Linearly Transformed Cosines}},
    year = {2016},
    journal = {ACM Transactions on Graphics (TOG)},
    author = {Heitz, Eric and Dupuy, Jonathan and Hill, Stephen and Neubelt, David},
    number = {5},
    pages = {8},
    volume = {35},
    isbn = {9781450342797},
    doi = {10.1145/2897824.2925895},
    issn = {07300301},
    keywords = {area lighting, brdf, computing methodologies, concepts, real-time rendering, reflectance model-, shading}
}

@article{Wang2016,
    title = {{Real-time rendering on a power budget}},
    year = {2016},
    journal = {ACM Transactions on Graphics},
    author = {Wang, Rui and Yu, Bowen and Marco, Julio and Hu, Tianlei and Gutierrez, Diego and Bao, Hujun},
    number = {4},
    pages = {1--11},
    volume = {35},
    url = {http://dl.acm.org/citation.cfm?doid=2897824.2925889},
    isbn = {9781450342797},
    doi = {10.1145/2897824.2925889},
    issn = {07300301},
    keywords = {computations, computing methodologies, concepts, consumption, demand a high energy, has a significant impact, however, on battery life, power-optimal rendering, power-optimal rendering, rendering system, rendering, rendering system, this, which becomes a limiting}
}

@inproceedings{Akeley1993,
    title = {{RealityEngine Graphics}},
    year = {1993},
    booktitle = {SIGGRAPH '93 Proceedings of the 20th annual conference on Computer graphics and interactive techniques},
    author = {Akeley, Kurt},
    pages = {109--116},
    url = {http://dl.acm.org/citation.cfm?id=166117.166131},
    isbn = {0897916018},
    doi = {10.1145/166117.166131}
}

@inproceedings{Reshetov2012,
    title = {{Reducing Aliasing Artifacts through Resampling}},
    year = {2012},
    booktitle = {EGGH-HPG'12 Proceedings of the Fourth ACM SIGGRAPH / Eurographics conference on High-Performance Graphics},
    author = {Reshetov, Alexander},
    pages = {77--86},
    doi = {10.2312/EGGH/HPG12/077-086},
    keywords = {alexander, antialiasing, clustering, com, deferred shading, e-mail, intel, post-processing effects, reshetov}
}

@inproceedings{Fatahalian2010,
    title = {{Reducing Shading on GPUs using Quad-Fragment Merging}},
    year = {2010},
    booktitle = {Proceedings of ACM SIGGRAPH 2010},
    author = {Fatahalian, Kayvon and Boulos, Solomon and Hegarty, James and Akeley, Kurt and Mark, William R},
    pages = {67:1 - 67:8},
    url = {http://doi.acm.org/10.1145/1778765.1778804},
    doi = {10.1145/1778765.1778804},
    keywords = {gpu architecture, micropolygons, real-time rendering}
}

@article{VandenElzen2016a,
    title = {{Reducing Snapshots to Points: A Visual Analytics Approach to Dynamic Network Exploration}},
    year = {2016},
    journal = {IEEE Transactions on Visualization and Computer Graphics},
    author = {van den Elzen, Stef and Holten, Danny and Blaas, Jorik and van Wijk, Jarke J.},
    number = {1},
    month = {1},
    pages = {1--10},
    volume = {22},
    url = {http://ieeexplore.ieee.org/document/7192717/},
    doi = {10.1109/TVCG.2015.2468078},
    issn = {1077-2626}
}

@article{Kairam2015,
    title = {{Refinery: Visual Exploration of Large , Heterogeneous Networks through Associative Browsing}},
    year = {2015},
    journal = {Eurographics Conference on Visualization (EuroVis)},
    author = {Kairam, S and Riche, N H and Drucker, S and Fernandez, R and Heer, J},
    number = {3},
    volume = {34},
    doi = {10.1111/cgf.12642}
}

@book{Boud1985,
    title = {{Reflection: Turning Experience into Learning}},
    year = {1985},
    author = {Boud, D. and Keogh, R. and Walker, D.},
    publisher = {Routledge Taylor and Francis Group},
    address = {London, UK}
}

@article{Zhang2013,
    title = {{RelClus: Clustering-based relationship search}},
    year = {2013},
    journal = {CEUR Workshop Proc.},
    author = {Zhang, Yanan and Cheng, Gong and Qu, Yuzhong},
    volume = {1035},
    issn = {16130073},
    keywords = {Association discovery, Exploratory browsing, Hierarchical clustering, Path finding, Relationship search}
}

@article{Sedlmair2012a,
    title = {{RelEx: Visualization for Actively Changing Overlay Network Specifications}},
    year = {2012},
    journal = {IEEE Transactions on Visualization and Computer Graphics},
    author = {Sedlmair, M. and Frank, A. and Munzner, T. and Butz, A.},
    number = {12},
    month = {12},
    volume = {18},
    url = {http://ieeexplore.ieee.org/lpdocs/epic03/wrapper.htm?arnumber=6327279},
    doi = {10.1109/TVCG.2012.255},
    issn = {1077-2626}
}

@inproceedings{Heim2009,
    title = {{RelFinder: revealing relationships in RDF knowledge bases}},
    year = {2009},
    booktitle = {Proc. Semantic and Digital Media Tech.},
    author = {Heim, Philipp and Hellmann, Sebastian and Lehmann, Jens and Lohmann, Steffen and Stegemann, Timo},
    doi = {10.1007/978-3-642-10543-2{\_}21},
    keywords = {Graph visualization, Linked data, Relationship discovery, Semantic user interfaces, Semantic web, dbpedia}
}

@inproceedings{Fekete2015,
    title = {{Reorder.js : A JavaScript library to reorder tables and Networks}},
    year = {2015},
    booktitle = {IEEE Vis (Posters)},
    author = {Fekete, Jean-daniel}
}

@article{Xu2016,
    title = {{Representing higher-order dependencies in networks}},
    year = {2016},
    journal = {Science Advances},
    author = {Xu, Jian and Wickramarathne, Thanuka L. and Chawla, Nitesh V.},
    number = {5},
    pages = {e1600028-e1600028},
    volume = {2},
    url = {http://arxiv.org/abs/1508.03113%5Cnhttp://advances.sciencemag.org/cgi/doi/10.1126/sciadv.1600028},
    doi = {10.1126/sciadv.1600028},
    issn = {2375-2548},
    arxivId = {1508.03113}
}

@article{Stodden2012,
    title = {{Reproducible research for scientific computing: Tools and strategies for changing the culture}},
    year = {2012},
    journal = {Computing in Science and Engineering},
    author = {Stodden, Victoria and LeVeque, Randall J. and Mitchell, Ian M.},
    number = {4},
    pages = {13 - 17},
    volume = {14},
    url = {http://www.stanford.edu/~vcs/papers/LFRSR12012008.pdf http://www.computer.org/csdl/mags/cs/2012/04/mcs2012040013-abs.html},
    doi = {http://doi.ieeecomputersociety.org/10.1109/MCSE.2012.38}
}

@article{Peng2011,
    title = {{Reproducible Research in Computational Science}},
    year = {2011},
    journal = {Science},
    author = {Peng, Roger D.},
    number = {606060},
    pages = {1226 - 1227},
    volume = {334},
    url = {http://europepmc.org/articles/PMC3383002?pdf=render},
    doi = {10.1126/science.1213847.}
}

@inproceedings{Maiden2010,
    title = {{Requirements engineering as creative problem solving: a research agenda for idea finding}},
    year = {2010},
    booktitle = {IEEE International Requirements Engineering Conference},
    author = {Maiden, Neil and Jones, Sara and Karlsen, Kristine and Neill, Roger and Zachos, Konstantinos and Milne, Alastair},
    isbn = {9780769541624},
    doi = {10.1109/RE.2010.16},
    issn = {1090-705X},
    keywords = {Creativity, Requirements engineering}
}

@incollection{Jones2005,
    title = {{RESCUE: An integrated method for specifying requirements for complex socio-technical systems}},
    year = {2005},
    booktitle = {Requirements Engineering for Sociotechnical Systems},
    author = {Jones, Sara and Maiden, Neil},
    editor = {Mate, Jose Luis and Silva, Andres},
    publisher = {Information Resources Press},
    address = {Arlington, VA}
}

@article{Dykes2010,
    title = {{Rethinking map legends with visualization}},
    year = {2010},
    journal = {IEEE Transactions on Visualization and Computer Graphics},
    author = {Dykes, Jason and Wood, Jo and Slingsby, Aidan},
    number = {6},
    volume = {16},
    isbn = {1077-2626},
    doi = {10.1109/TVCG.2010.191},
    issn = {10772626},
    pmid = {20975125},
    keywords = {Cartography, Digimap service, design, legend, online web mapping, visualization}
}

@article{Perin2014a,
    title = {{Revisiting Bertin Matrices: New Interactions for Crafting Tabular Visualizations Charles}},
    year = {2014},
    journal = {IEEE Trans. on Vis. and Comp. Graphics},
    author = {Perin, Charles and Dragicevic, Pierre},
    number = {12},
    volume = {20},
    doi = {10.1109/TVCG.2014.2346279},
    keywords = {action-deselection cycle, and apply the action, crossets can avoid the, selection-, the rows on which, then open a menu, to apply the action, users have to select, using a selection-}
}

@article{Lauritzen2016,
    title = {{Rod-cone crossover connectome of mammalian bipolar cells}},
    year = {2016},
    journal = {Journal of Comparative Neurology},
    author = {Lauritzen, J. Scott and Sigulinsky, Crystal L. and Anderson, James R. and Kalloniatis, Michael and Nelson, Noah T. and Emrich, Daniel P. and Rapp, Christopher and Mccarthy, Nicholas and Kerzner, Ethan and Meyer, Miriah and Jones, Bryan W. and Marc, Robert E.},
    doi = {10.1002/cne.24084},
    issn = {10969861},
    keywords = {Amacrine cells, Cone vision, Connectomics, Networks, RRID AB{\_}2341093, RRID AB{\_}2532053, RRID AB{\_}2532055, RRID AB{\_}2532057, RRID AB{\_}2532059, RRID AB{\_}2532060, RRID AB{\_}2532061, RRID SCR-002937, RRID SCR-008606, RRID SCR{\_}001622, RRID SCR{\_}005986, RRID SCR{\_}008394, Retina, Rod vision, Synapses, Transmission electron microscopy}
}

@article{Konkle2010,
    title = {{Scene memory is more detailed than you think: the role of categories in visual long-term memory.}},
    year = {2010},
    journal = {Psychological science},
    author = {Konkle, Talia and Brady, Timothy F and Alvarez, George a and Oliva, Aude},
    number = {11},
    month = {11},
    pages = {1551--6},
    volume = {21},
    doi = {10.1177/0956797610385359},
    issn = {1467-9280},
    pmid = {20921574},
    keywords = {Adult, Attention, Choice Behavior, Discrimination (Psychology), Female, Humans, Male, Pattern Recognition, Practice (Psychology), Recognition (Psychology), Retention (Psychology), Visual, Young Adult}
}

@article{Merriman2016,
    title = {{Seasonal and post-trauma remodeling in cone-dominant ground squirrel retina}},
    year = {2016},
    journal = {Experimental Eye Research},
    author = {Merriman, Dana K. and Sajdak, Benjamin S. and Li, Wei and Jones, Bryan W.},
    pages = {90--105},
    volume = {150},
    publisher = {Elsevier Ltd},
    url = {http://dx.doi.org/10.1016/j.exer.2016.01.011},
    doi = {10.1016/j.exer.2016.01.011},
    issn = {10960007},
    pmid = {26808487},
    keywords = {Cone photoreceptor, M??ller cell, Microglia, Reactive gliosis, Retinal detachment, Retinal pigment epithelium, Synaptic plasticity}
}

@article{Grube2008,
    title = {{Selecting creativity techniques for innovative requirements engineering}},
    year = {2008},
    journal = {2008 3rd International Workshop on Multimedia and Enjoyable Requirements Engineering, MERE'08},
    author = {Grube, Per Pascal and Schmid, Klaus},
    isbn = {9780769536262},
    doi = {10.1109/MERE.2008.6}
}

@article{Anyanwu2005,
    title = {{SemRank: ranking complex relationship search results on the semantic web}},
    year = {2005},
    journal = {Proceedings of the 14th international conference on World Wide Web},
    author = {Anyanwu, Kemafor and Maduko, Angela and Sheth, Amit},
    pages = {117--127},
    isbn = {1595930469},
    doi = {10.1145/1060745.1060766},
    keywords = {ranking complex, relationship search, relationships, semantic, semantic associations search, semantic match, semantic ranking, semantic similarity, semantic web, semrank}
}

@article{Doleisch2007,
    title = {{SimVis: Interactive Visual Analysis of Large and Time-Dependent 3D Simulation Data}},
    year = {2007},
    journal = {Winter Simulation Conference},
    author = {Doleisch, Helmut},
    pages = {712--720},
    isbn = {1424413060}
}

@inproceedings{Lee2000,
    title = {{Single-Pass Full-Screen Hardware Accelerated Antialiasing}},
    year = {2000},
    booktitle = {HWWS '00 Proceedings of the ACM SIGGRAPH/EUROGRAPHICS workshop on graphics hardware},
    author = {Lee, Jin-aeon and Kim, Lee-sup},
    pages = {67--75},
    url = {http://doi.acm.org/10.1145/346876.348225},
    isbn = {1581132573},
    doi = {10.1145/346876.348225}
}

@inproceedings{Heer2009,
    title = {{Sizing the horizon: the effects of chart size and layering on the graphical perception of time series visualizations}},
    year = {2009},
    booktitle = {CHI '09Proceedings of the SIGCHI Conference on Human Factors in Computing Systems},
    author = {Heer, Jeffrey and Kong, Nicholas and Agrawala, Maneesh},
    pages = {1303--1312},
    url = {http://dl.acm.org/citation.cfm?id=1518897},
    isbn = {9781605582467},
    doi = {10.1145/1518701.1518897},
    keywords = {data, experiment, graphical perception, horizon graphs, information, line charts, performance, time series, visualization}
}

@article{Doeleisch2001,
    title = {{Smooth brushing for focus+ context visualization of simulation data in 3D}},
    year = {2001},
    journal = {Journal of WSCG},
    author = {Doeleisch, Helmut and Hauser, Helwig},
    pages = {147--154},
    url = {https://isgwww.cs.uni-magdeburg.de/cv/lehre/VisualAnalytics/material/VDM/DoleischHauser.pdf},
    keywords = {3d visualization, brushing, c visualization, f, flow simulation, information visualization, linking, scien-, tific visualization, transfer function modulation}
}

@inproceedings{North2000,
    title = {{Snap-Together Visualization : A User Interface for Coordinating Visualizations via Relational Schemata Counties States}},
    year = {2000},
    booktitle = {AVI '00 Proceedings of the Working Conference on Advanced Visual Interfaces},
    author = {North, Chris and Shneiderman, Ben},
    pages = {128 - 135},
    url = {http://dl.acm.org/citation.cfm?id=345282},
    doi = {10.1145/345513.345282},
    keywords = {coordination, information visualization, multiple views, relational database, tight coupling, user interface, user study}
}

@article{Pileggi2012,
    title = {{Snapshot: Visualization to propel ice hockey analytics}},
    year = {2012},
    journal = {IEEE transactions on visualization and computer graphics},
    author = {Pileggi, Hannah and Stolper, Charles D. and Boyle, J. Michael and Stasko, John T},
    number = {12},
    pages = {2819--2828},
    volume = {18},
    url = {http://ieeexplore.ieee.org/xpls/abs_all.jsp?arnumber=6327288}
}

@inproceedings{Plaisant2002,
    title = {{SpaceTree: supporting exploration in large node link tree, design evolution and empirical evaluation}},
    year = {2002},
    booktitle = {IEEE Symposium on Information Visualization, INFOVIS 2002.},
    author = {Plaisant, C. and Grosjean, J. and Bederson, B.B.},
    pages = {57--64},
    volume = {2002},
    publisher = {IEEE Comput. Soc},
    url = {http://ieeexplore.ieee.org/lpdocs/epic03/wrapper.htm?arnumber=1173148},
    isbn = {0-7695-1751-X},
    doi = {10.1109/INFVIS.2002.1173148}
}

@inproceedings{Roberts2007,
    title = {{State of the Art: Coordinated {\&} Multiple Views in Exploratory Visualization}},
    year = {2007},
    booktitle = {Fifth International Conference on Coordinated and Multiple Views in Exploratory Visualization (CMV 2007)},
    author = {Roberts, Jonathan C.},
    number = {Cmv},
    month = {7},
    pages = {61--71},
    publisher = {Ieee},
    url = {http://ieeexplore.ieee.org/lpdocs/epic03/wrapper.htm?arnumber=4269947},
    isbn = {0-7695-2903-8},
    doi = {10.1109/CMV.2007.20},
    keywords = {coordinated and multiple views, exploratory visualization, information visualization, linked, views}
}

@article{Shneiderman2006,
    title = {{Strategies for evaluating information visualization tools}},
    year = {2006},
    journal = {AVI, ACM Press},
    author = {Shneiderman, Ben and Plaisant, Catherine},
    pages = {1--7},
    url = {http://portal.acm.org/citation.cfm?doid=1168149.1168158},
    isbn = {1595935622},
    doi = {10.1145/1168149.1168158},
    issn = {1595935622}
}

@article{Urness2006,
    title = {{Strategies for the visualization of multiple 2D vector fields.}},
    year = {2006},
    journal = {IEEE computer graphics and applications},
    author = {Urness, Timothy and Interrante, Victoria and Longmire, Ellen and Marusic, Ivan and O'Neill, Sean and Jones, Thomas W},
    number = {4},
    pages = {74--82},
    volume = {26},
    url = {http://www.ncbi.nlm.nih.gov/pubmed/16863100},
    issn = {0272-1716},
    pmid = {16863100},
    keywords = {Computer Graphics, Computer Simulation, Data Display, Models, Theoretical, Signal Processing, Computer-Assisted, User-Computer Interface}
}

@inproceedings{Kerzner2015a,
    title = {{Streaming Compression Anti-Aliasing Approach to Deferred Shading}},
    year = {2015},
    booktitle = {United States Patent No. 20,150,279,089},
    author = {Kerzner, Ethan and Salvi, Marco}
}

@inproceedings{Kerzner2014,
    title = {{Streaming G-Buffer Compression for Multi-Sample Anti-Aliasing}},
    year = {2014},
    booktitle = {High Perf. Graphics},
    author = {Kerzner, Ethan and Salvi, Marco}
}

@article{Kerzner,
    title = {{Summary and Discussion : Perceptual Importance of Lighting Phenomena in Rendering of Animated Water}},
    author = {Kerzner, Ethan},
    pages = {1--9}
}

@article{Salvi2012,
    title = {{Surface based anti-aliasing}},
    year = {2012},
    journal = {Proceedings of the ACM SIGGRAPH Symposium on Interactive 3D Graphics and Games - I3D '12},
    author = {Salvi, Marco and Vidim{\v{c}}e, Kiril},
    pages = {159},
    publisher = {ACM Press},
    url = {http://dl.acm.org/citation.cfm?doid=2159616.2159643},
    address = {New York, New York, USA},
    isbn = {9781450311946},
    doi = {10.1145/2159616.2159643},
    keywords = {anti-aliasing, deferred shading, future architectures that may, moreover our algorithm is, multi-sampling, scalable and enables deferred, shading, support more visibility, to be used on}
}

@book{Gordon1961,
    title = {{Synectics - the Developmnent of Creative Capacity}},
    year = {1961},
    author = {Gordon, William, J.J.},
    publisher = {Harper and Row},
    address = {New York, NY, USA}
}

@inproceedings{Lee2006,
    title = {{Task taxonomy for graph visualization}},
    year = {2006},
    booktitle = {Proceedings of Beyond Time and Errors Novel Evaluation Methods for Visualization - BELIV},
    author = {Lee, Bongshin and Plaisant, Catherine and Parr, Cynthia Sims and Fekete, Jean-Daniel and Henry, Nathalie},
    doi = {10.1145/1168149.1168168},
    keywords = {evaluation, graph visualization, task taxonomy}
}

@article{Pretorious2013,
    title = {{Tasks for multivariate network analysis}},
    year = {2013},
    journal = {Lecture Notes in Computer Science},
    author = {Pretorious, A. Johannes and Purchase, Helen C. and Stasko, John T.},
    volume = {8380},
    doi = {10.1007/978-3-319-06793-3{\_}5}
}

@inproceedings{Hutchinson2003,
    title = {{Technology probes: inspiring design for and with families}},
    year = {2003},
    booktitle = {CHI '03 Proceedings of the SIGCHI Conference on Human Factors in Computing Systems},
    author = {Hutchinson, Hilary and Mackay, Wendy},
    pages = {17--24},
    url = {http://dl.acm.org/citation.cfm?id=642616},
    isbn = {1581136307},
    doi = {10.1145/642611.642616},
    keywords = {can play a, communication, computers and the internet, email, however, instant, people connected, positive role in keeping, that when used for, this study also suggests}
}

@misc{SURVICEEngineering2013,
    title = {{The Advanced Joint Effectiveness Model}},
    year = {2013},
    booktitle = {http://ajem.com/},
    author = {{SURVICE Engineering}}
}

@book{Wallas1926,
    title = {{The Art of Thought}},
    year = {1926},
    author = {Wallas, G.},
    publisher = {Harcourt, Brace, {\&} Co},
    address = {New York, NY, USA}
}

@article{Lichtman2014,
    title = {{The big data challenges of connectomics.}},
    year = {2014},
    journal = {Nature neuroscience},
    author = {Lichtman, Jeff W and Pfister, Hanspeter and Shavit, Nir},
    number = {11},
    pages = {1448--54},
    volume = {17},
    url = {http://www.ncbi.nlm.nih.gov/pubmed/25349911%5Cnhttp://www.pubmedcentral.nih.gov/articlerender.fcgi?artid=PMC4412267},
    isbn = {1097-6256},
    doi = {10.1038/nn.3837},
    issn = {1546-1726},
    pmid = {25349911}
}

@article{Drucker1988,
    title = {{The coming of the new organization}},
    year = {1988},
    journal = {Harvard Business Review},
    author = {Drucker, PF},
    number = {1},
    volume = {66},
    url = {https://hbr.org/1988/01/the-coming-of-the-new-organization/ar/1 http://home.base.be/vt6195217/neworganization.pdf}
}

@article{Mavridis2012,
    title = {{The Compact YCoCg Frame Buffer}},
    year = {2012},
    journal = {Journal of Computer Graphics Techniques},
    author = {Mavridis, Pavlos},
    number = {1},
    pages = {19--35},
    volume = {1},
    url = {http://jcgt.org/published/0001/01/02/}
}

@book{Miller1989,
    title = {{The Creative Edge: Fostering Innovation Where you Work}},
    year = {1989},
    author = {Miller, William C.},
    publisher = {Basic Books},
    address = {New York City, NY, USA}
}

@book{Boden2004,
    title = {{The Creative Mind: Myths and Mechanisms, Second Edition}},
    year = {2004},
    author = {Boden, Margaret A},
    publisher = {Routledge Taylor {\&} Francis Group},
    url = {http://books.google.co.uk/books?id=HyycxNR2gpMC&pg=PR9&dq=The+Creative+Mind:+Myths+and+Mechanisms,+Second+Edition&hl=en&ei=LFYyTLHZLdXGOKK7gJIC&sa=X&oi=book_result&ct=result&resnum=1&ved=0CC0Q6AEwAA},
    address = {London, UK},
    isbn = {0415314534},
    doi = {10.4324/9780203508527},
    issn = {0140-525X},
    pmid = {1714},
    arxivId = {arXiv:1011.1669v3}
}

@article{McFadzean1998,
    title = {{The Creativity Continuum: Towards a Classification of Creative Problem Solving Techniques}},
    year = {1998},
    journal = {Creativity {\&} Innovation Management},
    author = {McFadzean, Elspeth},
    number = {3},
    pages = {131},
    volume = {7},
    url = {http://search.ebscohost.com/login.aspx?direct=true&db=bth&AN=4521357&lang=fr&site=ehost-live},
    isbn = {09631690},
    doi = {10.1111/1467-8691.00101},
    issn = {09631690},
    pmid = {4521357},
    keywords = {CREATIVE thinking, PROBLEM solving}
}

@article{McFadzean1998b,
    title = {{The creativity continuum:towards a classification of creative problem solving techniques}},
    year = {1998},
    journal = {Journal of creativity and innovation management},
    author = {McFadzean, E},
    number = {3},
    pages = {131--139},
    volume = {7},
    doi = {10.1111/1467-8691.00101},
    issn = {0963-1690},
    keywords = {Blackwell}
}

@article{Baer1996,
    title = {{The effects of task specific divergent thinking training}},
    year = {1996},
    journal = {Journal of Creative Behavior},
    author = {Baer, John},
    number = {3},
    volume = {30}
}

@article{Winkler2008,
    title = {{The Evolution of Video Quality Measurement : From PSNR to Hybrid Metrics}},
    year = {2008},
    journal = {IEEE Tran. Broadcasting},
    author = {Winkler, Stefan and Winkler, Stefan and Mohandas, Praveen},
    number = {August},
    pages = {1--9},
    volume = {54},
    doi = {10.1109/TBC.2008.2000733}
}

@inproceedings{Schneiderman1996,
    title = {{The Eyes Have It: A Task By Data Type Taxonomy for Information Visualizations}},
    year = {1996},
    booktitle = {IEEE Symp. on Visual Languages},
    author = {Schneiderman, Ben},
    doi = {10.1109/VL.1996.545307}
}

@article{Shneiderman1996,
    title = {{The eyes have it: a task by data type taxonomy for information visualizations}},
    year = {1996},
    journal = {Proceedings 1996 IEEE Symposium on Visual Languages},
    author = {Shneiderman, B.},
    pages = {336--343},
    isbn = {0-8186-7508-X},
    doi = {10.1109/VL.1996.545307},
    issn = {1049-2615},
    pmid = {4986861},
    arxivId = {arXiv:1011.1669v3}
}

@book{Poincare1982,
    title = {{The Foundations of Science}},
    year = {1913},
    author = {Poincare, H.},
    publisher = {University Press of America},
    url = {http://www.gutenberg.org/files/39713/39713-h/39713-h.htm},
    address = {Washington D.C.}
}

@inproceedings{Meyer2012,
    title = {{The Four-Level Nested Model Revisited: Blocks and Guidelines}},
    year = {2012},
    booktitle = {VisWeek Workshop on BEyond Time and Errors: Novel EvaLuation Methods for Information Visualization (BELIV)},
    author = {Meyer, Miriah and Sedlmair, Michael and Munzner, Tamara}
}

@book{Ball2003,
    title = {{The Fundamentals of Aircraft Combat Survivability Analysis and Design}},
    year = {2003},
    author = {Ball, Robert E.},
    edition = {Second},
    pages = {320 - 326},
    publisher = {AIAA (American Institute of Aeronautics and Astronautics, Inc)},
    address = {Reston, VA},
    isbn = {978-1563475825}
}

@book{Kaufman2006,
    title = {{The International Handbook of Creativity}},
    year = {2006},
    author = {Kaufman, James C. and {Robert J. Sternberg}},
    publisher = {Cambridge University Press},
    address = {Cambridge, UK}
}

@article{Bainbridge2013,
    title = {{The intrinsic memorability of face photographs.}},
    year = {2013},
    journal = {Journal of experimental psychology. General},
    author = {Bainbridge, Wilma a and Isola, Phillip and Oliva, Aude},
    number = {4},
    month = {11},
    pages = {1323--34},
    volume = {142},
    url = {http://www.ncbi.nlm.nih.gov/pubmed/24246059},
    doi = {10.1037/a0033872},
    issn = {1939-2222},
    pmid = {24246059},
    keywords = {10, 1037, a0033872, doi, dx, face photograph database, facial attributes, http, memorability, memory, org, perception, supp, supplemental materials}
}

@article{Spinuzzi2005,
    title = {{The Methodology of Participatory Design}},
    year = {2005},
    journal = {Technical Communication},
    author = {Spinuzzi, Clay},
    number = {2},
    pages = {163--174},
    volume = {52},
    url = {http://www.ingentaconnect.com/content/stc/tc/2005/00000052/00000002/art00005},
    isbn = {0049-3155},
    doi = {10.1016/j.infsof.2008.09.005},
    issn = {00493155},
    pmid = {16975114},
    arxivId = {arXiv:cond-mat/0402594v3},
    archivePrefix = {arXiv},
    eprint = {0402594v3},
    primaryClass = {cond-mat}
}

@article{Meyer2012a,
    title = {{The nested blocks and guidelines model}},
    year = {2012},
    journal = {Information Visualization, Special Issue on Visualization Evaluation (BELIV)},
    author = {Meyer, Miriah and Sedlmair, Michael and Quinan, P Samuel and Munzner, Tamara},
    number = {3},
    volume = {14}
}

@book{Hadamard1945,
    title = {{The Psychology of Invention in the Mathematical field}},
    year = {1945},
    author = {Hadamard, Jacques},
    publisher = {Dover Publications, Inc},
    address = {New York City, NY, USA},
    isbn = {0-691-02931-8},
    doi = {10.1093/philmat/s1-17-18.1.29},
    issn = {00318019},
    pmid = {1635244}
}

@inproceedings{Beck2014,
    title = {{The State of the Art in Visualizing Dynamic Graphs}},
    year = {2016},
    booktitle = {EuroVis - Stars},
    author = {Beck, Fabian and Burch, Michael and Diehl, Stephan and Wesikopf, Daniel},
    month = {5},
    url = {http://diglib.eg.org/EG/DL/PE/EuroVisSTAR/EuroVisSTAR2014/083-103.pdf.abstract.pdf;internal&action=action.digitallibrary.ShowPaperAbstract http://arxiv.org/abs/1605.08485},
    isbn = {-},
    doi = {10.2312/eurovisstar.20141174},
    issn = {19464606},
    pmid = {26357160},
    arxivId = {1605.08485}
}

@article{Nagasundaram1994,
    title = {{The structuring of creative processes: implications for GSS research}},
    year = {1994},
    journal = {1994 Proceedings of the Twenty-Seventh Hawaii International Conference on System Sciences},
    author = {{Nagasundaram} and {Bostrom}},
    number = {3},
    pages = {51--60},
    volume = {4},
    isbn = {0-8186-5090-7},
    doi = {10.1109/HICSS.1994.323500},
    issn = {10603425}
}

@article{Anderson2010,
    title = {{The Viking viewer for connectomics: Scalable multi-user annotation and summarization of large volume data sets}},
    year = {2010},
    journal = {Journal of Microscopy},
    author = {Anderson, J. R. and Mohammed, S. and Grimm, B. and Jones, B. W. and Koshevoy, P. and Tasdizen, T. and Whitaker, R. and Marc, R. E.},
    number = {1},
    volume = {241},
    isbn = {0022-2720},
    doi = {10.1111/j.1365-2818.2010.03402.x},
    issn = {00222720},
    keywords = {Annotation, Automated electron microscopy, Citizen science, Computational methods, Connectome, Networks, Visualization}
}

@article{Burns2013,
    title = {{The Visibility Buffer: A Cache-Friendly Approach to Deferred Shading}},
    year = {2013},
    journal = {Journal of Computer Graphics Techniques},
    author = {Burns, CA and Hunt, WA},
    number = {2},
    pages = {55--69},
    volume = {2},
    url = {http://jcgt.org/published/0002/02/04/}
}

@book{Michalko2006,
    title = {{Thinkertoys. A Handbook of Creative-Thinking Techniques}},
    year = {2006},
    author = {Michalko, Michael},
    publisher = {Ten Speed Press},
    address = {Emeryville, CA},
    isbn = {9780307757906}
}

@inproceedings{Bier1993,
    title = {{Toolglass and Magic Lenses: The See-Through Interface}},
    year = {1993},
    booktitle = {Proceedings of SIGGRAPH},
    author = {Bier, Eric A. and Stone, Maureen C. and Pier, Ken and Buxton, William and DeRose, Tony D.},
    pages = {73 - 83},
    url = {http://graphics.pixar.com/people/derose/publications/ToolGlass/paper.pdf},
    doi = {10.1145/166117.166126}
}

@article{Suderman2007,
    title = {{Tools for visually exploring biological networks}},
    year = {2007},
    journal = {Bioinformatics},
    author = {Suderman, Matthew and Hallett, Michael},
    number = {20},
    pages = {2651--2659},
    volume = {23},
    isbn = {1367-4811 (Electronic){\textbackslash}r1367-4803 (Linking)},
    doi = {10.1093/bioinformatics/btm401},
    issn = {13674803},
    pmid = {17720984}
}

@article{Johnson2004,
    title = {{Top Scientific Visualization Research Problems}},
    year = {2004},
    journal = {IEEE Computer Graphics and Applications},
    author = {Johnson, Chris R},
    number = {4},
    pages = {13--17},
    volume = {24},
    isbn = {0272-1716 VO - 24},
    doi = {10.1109/MCG.2004.20},
    issn = {02721716}
}

@article{Edelsbrunner2002,
    title = {{Topological persistence and simplification}},
    year = {2002},
    journal = {Discrete and Computational Geometry},
    author = {Edelsbrunner, Herbert and Letscher, David and Zomorodian, Afra},
    number = {4},
    pages = {511--533},
    volume = {28},
    isbn = {0045400228852},
    doi = {10.1007/s00454-002-2885-2},
    issn = {01795376},
    keywords = {a numerical, alpha shapes, assessment, computational geometry, computational topology, filtrations, ho-, in the order of, in-, mology groups, of topological attributes, once we have such, we naively remove attributes}
}

@inproceedings{Sedlmair2009,
    title = {{Towards the Big Picture : Enriching 3D Models with Information Visualisation and Vice Versa}},
    year = {2009},
    booktitle = {Smart Graphics},
    author = {Sedlmair, Michael and Ruhland, Kerstin and Hennecke, Fabian and Butz, Andreas and Bioletti, Susan and Sullivan, Carol O},
    pages = {27--39},
    volume = {5531},
    url = {http://dx.doi.org/10.1007/978-3-642-02115-2_3 http://link.springer.com/chapter/10.1007/978-3-642-02115-2_3#},
    doi = {10.1007/978-3-642-02115-2{\_}3},
    keywords = {3d models, information visualisation, multiple coordinated}
}

@inproceedings{Johnson1991,
    title = {{Tree-Maps: a space-filling approach to the visualization of hierarchical information structures}},
    year = {1991},
    booktitle = {Proceedings of the 2Nd Conference on Visualization '91},
    author = {Johnson, Brian and Schneiderman, Ben},
    pages = {284--291}
}

@inproceedings{Johnson1991a,
    title = {{Treemaps: A Space-Filling Approach to the Visualization of Hierarchical Information Structures}},
    year = {1991},
    booktitle = {IEEE Conference on Visualization},
    author = {Johnson, Brian and Shneiderman, Ben}
}

@article{Lee2014,
    title = {{TreePlus: interactive exploration of networks with enhanced tree layouts.}},
    year = {2014},
    journal = {IEEE transactions on visualization and computer graphics},
    author = {Lee, Bongshin and Parr, Cynthia S and Plaisant, Catherine and Bederson, Benjamin B and Veksler, Vladislav D and Gray, Wayne D and Kotfila, Christopher},
    number = {6},
    pages = {1414--1426},
    volume = {12},
    url = {http://www.ncbi.nlm.nih.gov/pubmed/17073365},
    doi = {10.1109/TVCG.2006.106},
    issn = {1077-2626},
    pmid = {17073365},
    keywords = {Algorithms, Automated, Biological, Computer Graphics, Computer Simulation, Information Storage and Retrieval, Information Storage and Retrieval: methods, Models, Pattern Recognition, Software, User-Computer Interface}
}

@inproceedings{Fisher2012,
    title = {{Trust me, I'm partially right: incremental visualization lets analysts explore large datasets faster}},
    year = {2012},
    booktitle = {Proc. CHI},
    author = {Fisher, Danyel and Popov, Igor and Drucker, Steven and Schraefel, M.C},
    doi = {10.1145/2207676.2208294}
}

@incollection{Mutzel2004,
    title = {{Tulip: a huge graph visualisation framework}},
    year = {2004},
    booktitle = {Graph Drawing Software},
    author = {Mutzel, Petra and Junger, Michael},
    doi = {10.1007/978-3-642-18638-7{\_}5}
}

@article{BTS2016,
    title = {{U.S. Bureau of Transportation Statistics, Air Carriers: T-100 Domestic Market (All Carriers)}},
    year = {2016},
    journal = {http://transtats.bts.gov/}
}

@inproceedings{Biskjaer2017,
    title = {{Understanding Creativity Methods in Design}},
    year = {2017},
    booktitle = {DIS 2017},
    author = {Biskjaer, Michael Mose and Dalsgaard, Peter and Halskov, Kim},
    pages = {839--851},
    isbn = {9781450349222}
}

@article{Cardinal2003,
    title = {{Understanding Design as a Social Creative Process}},
    year = {2003},
    journal = {Creativity Research Journal},
    author = {Cardinal, Douglas and Gla, Vlad Petre and Gomez Zamora, Paula and Do, Ellen Yi-Luen and Lubart, Todd I and Cognition, Laboratoire and Mumford, Michael and Niu, Weihua and Sternberg, Robert J and Haven, New and Press, Nebraska and Runco, Mark a. and Jaeger, Garrett J. and Sarkar, Prabir and Chakrabarti, Amaresh and Sharmin, Moushumi and Bailey, Brian P. and Warr, Andy and Neill, Eamonn O and Westwood, Robert and Low, David R and Rudkin, Jennifer-ellen},
    number = {4},
    pages = {389},
    volume = {24},
    url = {http://dl.acm.org/citation.cfm?id=2069618.2069710%5Cnhttp://linkinghub.elsevier.com/retrieve/pii/S0142694X11000111%5Cnhttp://www.tandfonline.com/doi/abs/10.1080/10400419.2012.650092%5Cnhttp://www.informaworld.com/openurl?genre=article&doi=10.1207/S1532693},
    isbn = {9781605588650},
    doi = {10.1145/2069618.2069710},
    issn = {1040-0419},
    keywords = {advanced design, artifacts, corresponding author, creative design, creative problem solving, creative process, creativity, engineering design, measure creativity, models, open system, prospective, reflection, reframing, social creativity}
}

@article{Kryssanov2001,
    title = {{Understanding design fundamentals: How synthesis and analysis drive creativity, resulting in emergence}},
    year = {2001},
    journal = {Artificial Intelligence in Engineering},
    author = {Kryssanov, V. V. and Tamaki, H. and Kitamura, S.},
    number = {4},
    pages = {329--342},
    volume = {15},
    isbn = {0954-1810},
    doi = {10.1016/S0954-1810(01)00023-1},
    issn = {09541810},
    arxivId = {cs/0605120},
    keywords = {Creativity, Emergence, Engineering design, Semiotics}
}

@article{Hernandez2010,
    title = {{Understanding design ideation mechanisms through multilevel aligned empirical studies}},
    year = {2010},
    journal = {Design Studies},
    author = {Hernandez, Noe Vargas and Shah, Jami J. and Smith, Steven M.},
    number = {4},
    pages = {382--410},
    volume = {31},
    publisher = {Elsevier Ltd},
    url = {http://dx.doi.org/10.1016/j.destud.2010.04.001},
    isbn = {0142-694X, 0142-694X},
    doi = {10.1016/j.destud.2010.04.001},
    issn = {0142694X},
    keywords = {creativity, design cognition, design ideation, engineering design}
}

@article{Basole2013,
    title = {{Understanding Interfirm Relationships in Business Ecosystems with Interactive Visualization}},
    year = {2013},
    journal = {IEEE transactions on visualization and computer graphics},
    author = {Basole, Rahul and Clear, Trustin and Hu, Mengdie and Mehrotra, Harshit and Stasko, John},
    number = {12},
    month = {12},
    pages = {2526--35},
    volume = {19},
    url = {http://www.ncbi.nlm.nih.gov/pubmed/24051819},
    doi = {10.1109/TVCG.2013.209},
    issn = {1941-0506},
    pmid = {24051819}
}

@inproceedings{Jones2008,
    title = {{Use and influence of creative ideas and requirements for a work-integrated learning system}},
    year = {2008},
    booktitle = {IEEE International Requirements Engineering Conference, RE'08},
    author = {Jones, Sara and Lynch, Perry and Maiden, Neil and Lindstaedt, Stefanie},
    isbn = {9780769533094},
    doi = {10.1109/RE.2008.54},
    issn = {1090-705X}
}

@book{Johnson1998,
    title = {{User-centered technology: A rhetorical theory for computers and other mundane artifacts}},
    year = {1998},
    author = {Johnson, R. R.},
    publisher = {SUNY Press},
    address = {New York, NY, USA}
}

@article{Schlosser2008,
    title = {{Using a creativity workshop to generate requirements for an event database application}},
    year = {2008},
    journal = {Lecture Notes in Computer Science (including subseries Lecture Notes in Artificial Intelligence and Lecture Notes in Bioinformatics)},
    author = {Schlosser, Claudia and Jones, Sara and Maiden, Neil},
    pages = {109--122},
    volume = {5025 LNCS},
    isbn = {3540690603},
    doi = {10.1007/978-3-540-69062-7{\_}10},
    issn = {03029743},
    keywords = {Creativity workshop, Requirements acquisition}
}

@article{Dove2014,
    title = {{Using Data to Stimulate Creative Thinking in the Design of New Products and Services}},
    year = {2014},
    journal = {Proceedings of the 2014 Conference on Designing Interactive Systems},
    author = {Dove, Graham and Jones, Sara},
    pages = {443--452},
    url = {http://doi.acm.org/10.1145/2598510.2598564},
    isbn = {978-1-4503-2902-6},
    doi = {10.1145/2598510.2598564},
    keywords = {collaborative workshop technique, creativity support, information visualization}
}

@article{Valiati2008,
    title = {{Using Multi-dimensional In-depth Long-term Case Studies for information visualization evaluation}},
    year = {2008},
    journal = {Beliv},
    author = {Valiati, Eliane R. A. and Freitas, Carla M. D. S. and Pimenta, Marcelo S.},
    pages = {1--7},
    isbn = {9781605580166},
    doi = {10.1145/1377966.1377978}
}

@article{Braun2006,
    title = {{Using thematic analysis in psychology}},
    year = {2006},
    journal = {Qualitative Research in Psychology},
    author = {Braun, V. and Clarke, V.},
    number = {2},
    volume = {3}
}

@article{Ferstay2013,
    title = {{Variant View: Visualizing Sequence Variants in Their Gene Context.}},
    year = {2013},
    journal = {IEEE Transactions on Visualization and Computer Graphics},
    author = {Ferstay, Joel a and Nielsen, Cydney B and Munzner, Tamara},
    number = {12},
    month = {12},
    volume = {19},
    url = {http://www.ncbi.nlm.nih.gov/pubmed/24051821},
    doi = {10.1109/TVCG.2013.214},
    issn = {1941-0506},
    pmid = {24051821}
}

@misc{Institute2014,
    title = {{Vision Statement: A Taxonomy of Innovation}},
    year = {2014},
    booktitle = {Harvard Business Review},
    author = {Institute, LUMA},
    publisher = {Harvard Business Review}
}

@article{Collins2007,
    title = {{VisLink : Revealing Relationships Amongst Visualizations}},
    year = {2007},
    journal = {IEEE Transactions on Visualization and Computer Graphics},
    author = {Collins, Christopher and Carpendale, Sheelagh},
    number = {6},
    month = {11},
    pages = {1192--1199},
    volume = {13},
    url = {http://ieeexplore.ieee.org/lpdocs/epic03/wrapper.htm?arnumber=4376140},
    doi = {10.1109/TVCG.2007.70521},
    issn = {1077-2626}
}

@article{Rosenthal2013,
    title = {{VisRuption: Intuitive and Efficient Visualization of Temporal Airline Disruption Data}},
    year = {2013},
    journal = {Computer Graphics Forum},
    author = {Rosenthal, P. and Pfeiffer, L. and M{\"{u}}ller, N. H. and Ohler, P.},
    number = {3.1},
    month = {6},
    pages = {81--90},
    volume = {32},
    url = {http://doi.wiley.com/10.1111/cgf.12095},
    doi = {10.1111/cgf.12095},
    issn = {01677055}
}

@article{VonLandesberger2013,
    title = {{Visual analysis of contagion in networks}},
    year = {2013},
    journal = {Information Visualization},
    author = {von Landesberger, T. and Diel, S. and Bremm, S. and Fellner, D. W.},
    number = {2},
    pages = {93--110},
    volume = {14},
    url = {http://ivi.sagepub.com/content/14/2/93?etoc},
    doi = {10.1177/1473871613487087},
    issn = {1473-8716},
    keywords = {financial networks, financial stability, network visualization, sys-, time-dependent networks, visual analytics}
}

@article{VonLandesberger2012,
    title = {{Visual analysis of large graphs: state-of-the-art and future research challenges}},
    year = {2011},
    journal = {CGF},
    author = {von Landesberger, Tatiana and Kuijper, A and Schreck, T and Kohlhammer, J and Wijk, J J Van and Fekete, J and Fellner, D W},
    number = {6},
    volume = {30},
    doi = {10.1111/j.1467-8659.2011.01898.x}
}

@inproceedings{Xu2013,
    title = {{Visual Analysis of Set Relations in a Graph}},
    year = {2013},
    booktitle = {Eurographics Conference on Visualization (EuroVis) 2013},
    author = {Xu, Panpan and Du, Fan and Cao, Nan and Shi, Conglei and Zhou, Hong and Qu, Huamin},
    number = {3pt1},
    month = {6},
    pages = {61--70},
    volume = {32},
    url = {http://doi.wiley.com/10.1111/cgf.12093},
    doi = {10.1111/cgf.12093},
    issn = {01677055}
}

@article{Li2012,
    title = {{Visual Analytics of Brain Networks}},
    year = {2012},
    journal = {NeuroImage},
    author = {Li, Kaiming and Guo, Lei and Faraco, Carlos and Zhu, Dajiang and Chen, Hanbo and Yuan, Yixuan and Lv, Jinglei and Deng, Fan and Jiang, Xi and Zhang, Tuo and Hu, Xintao and Zhang, Degang and Miller, L Stephen and Lie, Tianming},
    number = {1},
    pages = {82--97},
    volume = {61},
    isbn = {2122633255},
    doi = {10.1016/j.biotechadv.2011.08.021.Secreted},
    issn = {15378276},
    pmid = {1000000221},
    arxivId = {NIHMS150003},
    keywords = {brain, joint modeling, multimodal neuroimaging, visual analytics, visualization and interaction}
}

@incollection{DanielKeimGennadyAndrienkoJean-DanielFeketeCarstenGorgJornKohlhammer2008,
    title = {{Visual Analytics: Definition, Process, and Challenges}},
    year = {2008},
    booktitle = {Information Visualization},
    author = {Daniel Keim, Gennady Andrienko, Jean-Daniel Fekete, Carsten G{\"{o}}rg, J{\"{o}}rn Kohlhammer, Guy Melançon},
    pages = {154--175},
    url = {http://link.springer.com/chapter/10.1007/978-3-540-70956-5_7 http://hal-lirmm.ccsd.cnrs.fr/docs/00/27/27/79/PDF/VAChapter_final.pdf},
    doi = {10.1007/978-3-540-70956-5{\_}7}
}

@article{Basole2014,
    title = {{Visual business ecosystem intelligence: Lessons from the field}},
    year = {2014},
    journal = {IEEE Computer Graphics and Applications},
    author = {Basole, Rahul C.},
    number = {5},
    pages = {26--34},
    volume = {34},
    doi = {10.1109/MCG.2014.104},
    issn = {02721716},
    pmid = {25248197},
    keywords = {Business ecosystem intelligence, Case studies, Competitive dynamics, Computer graphics, Graphics, Risk management, Strategic decision making, Venture capital financing, Visual analytics}
}

@article{Gleicher2011,
    title = {{Visual comparison for information visualization}},
    year = {2011},
    journal = {Information Visualization},
    author = {Gleicher, M. and Albers, D. and Walker, R. and Jusufi, I. and Hansen, C. D. and Roberts, J. C.},
    number = {4},
    month = {10},
    volume = {10},
    url = {http://ivi.sagepub.com/lookup/doi/10.1177/1473871611416549},
    doi = {10.1177/1473871611416549},
    issn = {1473-8716}
}

@article{Ferwerda2008,
    title = {{Visual equivalence: an object-based approach to image quality}},
    year = {2008},
    journal = {Color and Imaging Conference},
    author = {Ferwerda, James A. and Ramanarayanan, Ganesh and Walter, Bruce and Bala, Kavita},
    number = {1},
    pages = {347--354},
    volume = {2008},
    url = {http://citeseerx.ist.psu.edu/viewdoc/download?doi=10.1.1.221.4830&rep=rep1&type=pdf},
    issn = {10831304}
}

@book{Tufte1997,
    title = {{Visual Explanations: Images and Quantities, Evidence and Narrative}},
    year = {1997},
    author = {Tufte, Edward},
    publisher = {Graphics Press}
}

@inproceedings{Wattenberg2006,
    title = {{Visual exploration of multivariate graphs}},
    year = {2006},
    booktitle = {Proc. CHI},
    author = {Wattenberg, Martin},
    doi = {10.1145/1124772.1124891}
}

@article{Weber2009,
    title = {{Visual Exploration of Three-Dimensional Gene Expression using Physical Views and Linked Abstract Views.}},
    year = {2009},
    journal = {IEEE/ACM Transactions on Computational Biology and Bioinformatics},
    author = {Weber, Gunther H and R{\"{u}}bel, Oliver and Huang, Min-Yu and DePace, Angela H and Fowlkes, Charless C and Ker{\"{a}}nen, Soile V E and Luengo Hendriks, Cris L and Hagen, Hans and Knowles, David W and Malik, Jitendra and Biggin, Mark D and Hamann, Bernd},
    number = {2},
    volume = {6},
    url = {http://www.pubmedcentral.nih.gov/articlerender.fcgi?artid=3045837&tool=pmcentrez&rendertype=abstract},
    doi = {10.1109/TCBB.2007.70249},
    issn = {1557-9964},
    pmid = {19407353},
    keywords = {Animals, Computer Simulation, Databases, Developmental, Drosophila Proteins, Drosophila Proteins: genetics, Drosophila Proteins: metabolism, Drosophila melanogaster, Drosophila melanogaster: embryology, Embryo, Fushi Tarazu Transcription Factors, Fushi Tarazu Transcription Factors: genetics, Fushi Tarazu Transcription Factors: metabolism, Gene Expression Profiling, Gene Expression Regulation, Gene Regulatory Networks, Genetic, Genome, Homeodomain Proteins, Homeodomain Proteins: genetics, Homeodomain Proteins: metabolism, Imaging, Insect, Models, Nonmammalian, Nonmammalian: cytology, Nonmammalian: metabolism, Software, Statistical, Three-Dimensional, Three-Dimensional: methods, Transcription Factors, Transcription Factors: genetics, Transcription Factors: metabolism, User-Computer Interface}
}

@techreport{Munzner2005,
    title = {{Visual Mining of Power Sets with Large Alphabets}},
    year = {2005},
    author = {Munzner, Tamara and Ng, Raymond T and Lee, Jordan},
    url = {http://www.cs.ubc.ca/cgi-bin/tr/2005/TR-2005-25.pdf},
    institution = {University of British Columbia Technical Report}
}

@inproceedings{Marai2015a,
    title = {{Visual Scaffolding in Integrated Spatial and Nonspatial Analysis}},
    year = {2015},
    booktitle = {EuroVis Workshop on Visual Analytics (EuroVA)},
    author = {Marai, G. Elisabeta},
    url = {https://diglib.eg.org:443/handle/10.2312/eurova.20151097.013-017},
    doi = {10.2312/eurova.20151097}
}

@article{Marai2015,
    title = {{Visual Scaffolding in Integrated Spatial and Nonspatial Analysis}},
    year = {2015},
    journal = {Eurographics},
    author = {Marai, G. Elisabeta},
    url = {https://diglib.eg.org:443/handle/10.2312/eurova.20151097.013-017},
    doi = {10.2312/eurova.20151097},
    keywords = {I.3.3 [Computer Graphics], Visual analysis processes and workflows—Cognitive}
}

@book{Munzner2015,
    title = {{Visualization Analysis and Design}},
    year = {2015},
    author = {Munzner, Tamara},
    edition = {First},
    pages = {394},
    publisher = {CRC Press},
    address = {Boca Raton, FL},
    isbn = {9781466508910}
}

@article{Kehrer2013,
    title = {{Visualization and visual analysis of multifaceted scientific data: a survey.}},
    year = {2013},
    journal = {IEEE transactions on visualization and computer graphics},
    author = {Kehrer, Johannes and Hauser, Helwig},
    number = {3},
    month = {3},
    pages = {495--513},
    volume = {19},
    url = {http://www.ncbi.nlm.nih.gov/pubmed/22508905},
    doi = {10.1109/TVCG.2012.110},
    issn = {1941-0506},
    pmid = {22508905},
    keywords = {Algorithms, Computer Graphics, Computer Simulation, Computer-Assisted, Computer-Assisted: methods, Database Management Systems, Databases, Factual, Image Interpretation, Imaging, Models, Theoretical, Three-Dimensional, Three-Dimensional: methods, User-Computer Interface}
}

@article{Kehrer2013a,
    title = {{Visualization and visual analysis of multifaceted scientific data: a survey.}},
    year = {2013},
    journal = {IEEE Transactions on Visualization and Computer Graphics},
    author = {Kehrer, Johannes and Hauser, Helwig},
    number = {3},
    month = {3},
    pages = {495--513},
    volume = {19},
    url = {http://www.ncbi.nlm.nih.gov/pubmed/22508905},
    doi = {10.1109/TVCG.2012.110},
    issn = {1941-0506},
    pmid = {22508905},
    keywords = {Algorithms, Computer Graphics, Computer Simulation, Computer-Assisted, Computer-Assisted: methods, Database Management Systems, Databases, Factual, Image Interpretation, Imaging, Models, Theoretical, Three-Dimensional, Three-Dimensional: methods, User-Computer Interface}
}

@incollection{Meyer2013,
    title = {{Visualization Course Notes}},
    year = {2013},
    booktitle = {http://www.sci.utah.edu/{\~{}}miriah/cs6630/},
    author = {Meyer, Miriah},
    series = {http://www.sci.utah.edu/{\~{}}miriah/cs6630/},
    publisher = {The University of Utah},
    organization = {The University of Utah}
}

@article{Pfister2014,
    title = {{Visualization in connectomics}},
    year = {2014},
    journal = {Mathematics and Visualization},
    author = {Pfister, Hanspeter and Kaynig, Verena and Botha, Charl P. and Bruckner, Stefan and Dercksen, Vincent J. and Hege, Hans Christian and Roerdink, Jos B T M},
    pages = {221--245},
    volume = {37},
    isbn = {978-1-4471-6496-8},
    doi = {10.1007/978-1-4471-6497-5{\_}21},
    issn = {2197666X},
    arxivId = {1206.1428}
}

@inproceedings{Basole2010,
    title = {{Visualizing Converging Business Ecosystems for Competitive Intelligence (paper poster)}},
    year = {2010},
    booktitle = {IEEE Information Visualization Conference Companion},
    author = {Basole, Rahul and Hu, Mengdie and Patel, Pritesh and Stasko, John},
    pages = {1--2},
    url = {http://www.cc.gatech.edu/~stasko/papers/infovis10-poster-dotlink.pdf%5C}
}

@article{Landge2012,
    title = {{Visualizing Network Traffic to Understand the Performance of Massively Parallel Simulations}},
    year = {2012},
    journal = {IEEE Transactions on Visualization and Computer Graphics},
    author = {Landge, Aaditya G and Levine, Joshua A and Isaacs, Katherine E and Bhatele, Abhinav and Gamblin, Todd and Schulz, Martin and Langer, Steve H and Bremer, Peer-timo and Pascucci, Valerio},
    number = {12},
    volume = {8},
    doi = {http://dx.doi.org/10.1109/TVCG.2012.286}
}

@article{Fekete2009,
    title = {{Visualizing networks using adjacency matrices: Progresses and challenges}},
    year = {2009},
    journal = {Proceedings - 2009 11th IEEE International Conference on Computer-Aided Design and Computer Graphics, CAD/Graphics 2009},
    author = {Fekete, Jean Daniel},
    pages = {636--638},
    isbn = {9781424437009},
    doi = {10.1109/CADCG.2009.5246813}
}

@article{Greilich2009,
    title = {{Visualizing the evolution of compound digraphs with timearctrees}},
    year = {2009},
    journal = {Computer Graphics Forum},
    author = {Greilich, Martin and Burch, Michael and Diehl, Stephan},
    number = {3},
    pages = {975--982},
    volume = {28},
    isbn = {0167-7055},
    doi = {10.1111/j.1467-8659.2009.01451.x},
    issn = {01677055}
}

@article{Margulies2013,
    title = {{Visualizing the human connectome}},
    year = {2013},
    journal = {NeuroImage},
    author = {Margulies, Daniel S. and B{\"{o}}ttger, Joachim and Watanabe, Aimi and Gorgolewski, Krzysztof J.},
    pages = {445--461},
    volume = {80},
    publisher = {Elsevier B.V.},
    url = {http://dx.doi.org/10.1016/j.neuroimage.2013.04.111},
    isbn = {1095-9572 (Electronic){\textbackslash}n1053-8119 (Linking)},
    doi = {10.1016/j.neuroimage.2013.04.111},
    issn = {10538119},
    pmid = {23660027}
}

@article{Quinan2016,
    title = {{Visually Comparing Weather Features in Forecasts}},
    year = {2016},
    journal = {IEEE Transactions on Visualization and Computer Graphics},
    author = {Quinan, P. Samuel and Meyer, Miriah},
    number = {1},
    pages = {389--398},
    volume = {22},
    isbn = {1077-2626 VO  - 22},
    doi = {10.1109/TVCG.2015.2467754},
    issn = {10772626},
    keywords = {Color, Data visualization, Encoding, Image color analysis, Predictive models, Weather forecasting}
}

@article{Gresh2000,
    title = {{WEAVE: a system for visually linking 3-D and statistical visualizations applied to cardiac simulation and measurement data}},
    year = {2000},
    journal = {Proceedings Visualization 2000},
    author = {Gresh, D.L. and Rogowitz, B.E. and Winslow, R.L. and Scollan, D.F. and Yung, C.K.},
    pages = {489--492},
    publisher = {Ieee},
    url = {http://ieeexplore.ieee.org/lpdocs/epic03/wrapper.htm?arnumber=885739},
    isbn = {0-7803-6478-3},
    doi = {10.1109/VISUAL.2000.885739},
    keywords = {and the correct interpretation, connectivity between them, data synthesis, heart, medical, that is to, visualization}
}

@article{Whetten1989,
    title = {{What Constitutes a Theoretical Contribution?}},
    year = {1989},
    journal = {Academy of Management Review},
    author = {Whetten, D. A.},
    number = {4},
    pages = {490--495},
    volume = {14},
    url = {http://amr.aom.org/cgi/doi/10.5465/AMR.1989.4308371},
    isbn = {0787956902},
    doi = {10.5465/AMR.1989.4308371},
    issn = {0363-7425},
    pmid = {4308371},
    arxivId = {arXiv:1011.1669v3}
}

@article{Goodwin2016,
    title = {{What do constraint programming users want to see? Exploring the role of visualisation in profiling of models and search}},
    year = {2016},
    journal = {IEEE Transactions on Visualization and Computer Graphics},
    author = {Goodwin, Sarah and Mears, Christopher and Dwyer, Tim and Garcia de la Banda, Maria and Tack, Guido and Wallace, Mark},
    number = {1},
    volume = {23},
    url = {http://ieeexplore.ieee.org/lpdocs/epic03/wrapper.htm?arnumber=7536109},
    doi = {10.1109/TVCG.2016.2598545},
    issn = {1077-2626}
}

@article{Borkin2013,
    title = {{What makes a visualization memorable}},
    year = {2013},
    journal = {IEEE Transactions on Visualization and Computer Graphics},
    author = {Borkin, Michelle A. and Vo, Azalea A. and Bylinskii, Zoya and Isola, Phillip and Sunkavalli, Shashank and Oliva, Aude and Pfister, Hanspeter},
    number = {12},
    month = {12},
    pages = {2306--2315},
    volume = {19},
    url = {http://www.ncbi.nlm.nih.gov/pubmed/24051797},
    isbn = {1941-0506 (Electronic){\textbackslash}r1077-2626 (Linking)},
    doi = {10.1109/TVCG.2013.234},
    issn = {10772626},
    pmid = {24051797},
    keywords = {Visualization taxonomy, information visualization, memorability}
}

@article{Bostock2016,
    title = {{What Makes Software Good?}},
    year = {2016},
    journal = {Medium.com Blog Post},
    author = {Bostock, Mike},
    url = {https://medium.com/@mbostock/what-makes-software-good}
}

@article{Nolan2003,
    title = {{Whatever happened to Synectics?}},
    year = {2003},
    journal = {Creativity and Innovation Management},
    author = {Nolan, Vincent},
    number = {1},
    volume = {12},
    url = {http://doi.wiley.com/10.1111/1467-8691.00264},
    isbn = {09631690},
    doi = {10.1111/1467-8691.00264},
    issn = {0963-1690},
    pmid = {3860435}
}

@article{Churchman1967,
    title = {{Wicked Problems}},
    year = {1967},
    journal = {Managment Science},
    author = {Churchman, C.},
    number = {September 2015},
    pages = {141--142},
    volume = {14},
    url = {https://www.google.co.uk/search?client=safari&rls=en&q=churchman+1976&ie=UTF-8&oe=UTF-8&gfe_rd=cr&ei=f9rdVYHbC4GB7QaM0rW4DA}
}

@incollection{Richardson2005,
    title = {{Writing: A method for inquiry}},
    year = {2005},
    booktitle = {Handbook of Qualitative Research},
    author = {Richardson, L. and Pierre, E. A. S},
    editor = {Lincoln, Yvonna S. and Denzin, Norman K.},
    edition = {Third},
    publisher = {Sage}
}

@inproceedings{NormanP.Jouppi1999,
    title = {{Z3: An Economical Hardware Technique for High-Quality Antialiasing and Transparency}},
    year = {1999},
    booktitle = {HWWS '99 Proceedings of the ACM SIGGRAPH/EUROGRAPHICS workshop on Graphics hardware},
    author = {{Norman P. Jouppi} and Chang, Chun-Fa},
    pages = {85--93},
    url = {http://dl.acm.org/citation.cfm?id=311582},
    doi = {10.1145/311534.311582}
}

@inproceedings{Elmqvist2008,
    title = {{ZAME: Interactive large-scale graph visualization}},
    year = {2008},
    booktitle = {IEEE Pacific Vis. Symp.},
    author = {Elmqvist, Niklas and Do, Thanh Nghi and Goodell, Howard and Henry, Nathalie and Fekete, Jean Daniel},
    doi = {10.1109/PACIFICVIS.2008.4475479},
    keywords = {H.5.1 [information systems]: multimedia informatio, H.5.2 [information systems]: user interfaces, I.3 [computer methodologies]: computer graphics}
}

@article{Anyanwu2003,
    title = {{{$\rho$}-Queries Enabling Querying for Semantic Associationson the Semantic Web.pdf}},
    year = {2003},
    journal = {Www2003},
    author = {Anyanwu, Kemafor and Aheth, Amit},
    pages = {690--699},
    isbn = {1581136803},
    keywords = {complex, copyright is held by, data relationships, graph traversals, owner, rdf, s, semantic associations, semantic web querying, the author}
}